1730 3063
824 117 883 161 40

124 232 462 290 Agamemnonem
494 239 629 275 autem
664 231 784 273 filiam
809 231 1082 288 conspicatum
1105 224 1348 288 gemuisse&
1370 237 1410 272 et
1430 234 1575 275 'aversa

126 297 225 342 facie
269 298 510 356 lacrymasse
564 307 678 340 veste
726 296 862 340 oculos
914 304 1137 352 tegentem.
1162 311 1164 314 ⁴
1194 295 1325 348 Quod³
1355 295 1417 342 hio
1458 299 1574 355 ‘Aga-

124 368 284 408 memno
329 363 528 423 quomodo
573 376 622 425 se
660 364 831 421 gesserit
864 372 1197 406 commemoratur
1230 371 1271 406 et
1306 362 1398 408 huic
1432 376 1577 424 narra-

124 430 220 475 tioni
253 432 402 488 optime
436 433 621 474 convenit
655 432 740 488 (qul
775 432 879 472 enim
915 430 1042 472 omitti
1080 438 1237 486 poterat
1273 433 1346 482 is,-
1370 429 1419 472 ad
1455 441 1574 487 quem

126 500 297 541 maxime
331 495 406 539 hoc
440 496 677 540 sacrificium
713 495 978 553 pertineret‘P)
1012 503 1054 537 et
1086 496 1332 549 arctissima,
1367 495 1473 554 quod
1497 509 1577 538 su·-

125 577 194 620 pra
232 561 502 617 ostendimus,
523 563 809 618 <conjunctione
842 574 934 604 cum
965 560 1093 604 rebus
1127 569 1218 603 ante
1254 563 1355 605 actis
1379 565 1417 604 in
1441 561 1572 605 fabula

124 625 353 686 cohaeret¹).
404 631 520 673 Nunc
555 627 662 671 illam
697 627 788 670 filiae
822 627 1050 682 caritatem,
1073 640 1175 685 1quae
1210 628 1248 670 in
1282 627 1578 686 Agamemnone

123 695 273 748 inerat,
310 697 583 754 agnoscimu8‚
628 709 732 738 nunc
767 708 842 737 non
877 695 950 737 nisi
984 693 1083 737 dura
1119 695 1357 743 necessitate
1392 702 1582 737 coactum

126 770 282 817 patrem
318 763 512 805 sentimus
547 759 850 804 immolationem
885 758 976 801 filiae
1013 761 1243 818 imperasse,
1277 773 1382 804 nune
1415 768 1456 801 et
1492 762 1576 802 mi—

124 828 322 869 seratione
364 836 405 869 et
448 826 590 869 solatio
633 825 775 883 diguus
818 825 992 868 videtur.
1062 828 1113 869 At
1160 840 1209 867 ne
1245 825 1446 884 Iphigenia
1483 826 1580 885 qui-

125 892 216 936 dem
252 892 373 937 talem
408 908 453 937 se
489 892 730 950 probaverat
776 894 897 950 patri,
947 892 1106 950 qualem
1151 891 1355 935 debuerat.
1427 894 1579 949 Detre-

126 967 309 1002 ctaverat
352 961 456 1001 enim
501 973 592 1016 quae
626 973 790 1002 suorum
827 967 867 1000 et
902 960 1042 1015 patriae
1085 958 1222 1001 salutis
1265 972 1384 1000 causa
1433 973 1454 1000 a
1497 971 1582 1015 pa-

128 1034 189 1067 tre
233 1026 416 1083 imposita
458 1015 598 1067 erant.=
652 1026 740 1068 Jam
787 1027 917 1080 igitur,
960 1039 1083 1082 quum
1129 1033 1280 1067 mutato
1323 1027 1454 1068 animo
1497 1024 1580 1065 ad-

128 1092 260 1141 venit,
304 1099 349 1132 ut
382 1098 424 1132 et
459 1089 550 1132 filiae
586 1099 626 1133 et
662 1092 762 1132 civis
796 1089 968 1132 officium
1004 1100 1262 1148 exsequatur,
1295 1091 1579 1148 Agamemnoni

128 1164 173 1198 ut
207 1158 309 1214 patri
347 1170 421 1199 suo
455 1164 496 1199 et
531 1170 688 1200 summo
721 1156 956 1200 Graecorum
990 1155 1079 1200 duci
1116 1170 1202 1200 eam
1227 1170 1271 1199 se
1294 1157 1452 1200 tradere
1476 1170 1579 1202 con-

127 1231 361 1265 sentaneum
405 1232 478 1265 est.
547 1223 661 1274 Quod
706 1222 853 1264 factum
895 1235 984 1264 esse
1029 1225 1198 1265 nuncius
1241 1222 1429 1282 deinceps
1479 1236 1579 1266 nar-

128 1284 247 1346 rat⁸).
317 1290 362 1332 In
396 1289 593 1345 oratione,
625 1303 716 1349 quae
749 1290 943 1347 sequitur,
981 1288 1195 1346 Iphigeniae
1231 1288 1322 1332 nihil
1358 1299 1440 1345 est,
1474 1288 1579 1350 quod

127 1355 217 1410 jure
269 1355 347 1398 ullo
391 1357 609 1413 vituperari
654 1357 844 1412 potuerit,
896 1364 1045 1413 praeter
1088 1366 1290 1399 extremos
1335 1355 1435 1400 duos
1484 1369 1582 1399 ver-

130 1435 221 1476 sus,
272 1420 322 1464 de
364 1421 512 1480 quibus
557 1422 688 1479 paullo
741 1429 833 1464 ante
877 1421 1064 1464 diximus.
1134 1423 1185 1465 At
1228 1412 1368 1465 boru'm
1414 1433 1582 1466 senten-

132 1488 187 1529 tia
232 1501 308 1529 non
356 1489 488 1529 minus
531 1487 760 1545 Iphigeniae‚
802 1500 921 1544 quam
966 1487 1179 1544 Polyxenae
1223 1490 1407 1532 convenit
1453 1500 1582 1549 neque

131 1552 248 1596 facile
282 1552 424 1596 deesse
459 1561 612 1611 potest,
648 1561 802 1596 tantum
828 1552 962 1607 abest,
996 1562 1041 1596 ut
1063 1553 1112 1596 ad
1140 1554 1245 1597 bunc
1275 1555 1404 1597 locum
1430 1570 1504 1598 non
1528 1559 1582 1598 sit

133 1618 261 1662 idonei
282 1614 328 1677 ⁴).
397 1618 511 1670 Quod
549 1620 728 1677 apertius
769 1626 851 1673 cst,
896 1632 1015 1677 quam
1060 1628 1104 1662 ut
1148 1620 1197 1664 de
1242 1620 1304 1664 his
1349 1619 1460 1680 plura
1504 1621 1580 1666 dici

224 1767 258 1814 ¹)
294 1773 496 1817 ᾶμωςέμαζ.
522 1781 553 1806 v.
585 1771 687 1806 1549
726 1769 902 1817 Hartungo
938 1770 1114 1819 displicet,
1155 1773 1246 1820 quod
1283 1785 1352 1811 non
1382 1775 1486 1821 possit
1512 1776 1588 1812 sine

136 1823 270 1869 objecto
298 1826 391 1871 poni.
446 1825 586 1860 Etiamsi
616 1835 701 1870 opus
729 1830 817 1861 esset
845 1825 997 1871 objecto,
1031 1838 1076 1863 ex
1103 1829 1256 1873 proxima
1286 1831 1459 1866 sententia
1489 1831 1587 1868 facile

137 1879 247 1924 repeti
275 1883 400 1924 posset.
455 1877 501 1914 At
529 1888 599 1914 non
627 1888 714 1924 opus
741 1890 833 1920 esse,
860 1879 943 1915 satis
971 1879 1119 1918 declarat
1147 1882 1240 1919 Xen.
1260 1882 1417 1930 Symp.1.
1435 1887 1498 1921 15.
1525 1887 1589 1926 ubi

137 1937 197 1972 καὶ
226 1935 265 1976 ὃς
291 1936 527 1979 ἀναστενάξας
552 1937 648 1972 εἶπεν
670 1933 716 1968 ita
744 1934 879 1980 dieitur,
908 1939 947 1970 ut
974 1936 1107 1972 nullum
1136 1937 1309 1983 objectum
1332 1940 1508 1976 commode
1528 1942 1587 1977 in-

137 1986 245 2034 telligi
273 1988 390 2033 possit.
447 1985 625 2023 Difficilius
652 1991 703 2022 est
732 1990 866 2042 δάκρυα
888 1994 1060 2042 προῆγεν,
1090 2002 1240 2039 quocum
1257 1991 1453 2029 Matthiaeus
1466 1993 1592 2042 Suppl„

141 2043 219 2078 770
242 2044 377 2094 δάκρυα
399 2045 536 2093 ἐξάγεις
555 2041 697 2077 confert.
721 2081 731 2088 .
753 2041 980 2079 Scribendum
1015 2044 1153 2081 videtur
1180 2050 1349 2100 προῆκον,
1385 2056 1464 2093 quae
1498 2060 1588 2086 con-

134 2096 267 2142 Jectura
295 2105 315 2130 a
345 2095 442 2132 Fixio
477 2094 567 2139 (vide
594 2094 655 2130 Ed.
683 2095 810 2139 Didot.)
844 2104 1149 2146 commemoratum
1184 2111 1264 2137 nam
1293 2105 1446 2155 προῆγεν
1474 2107 1588 2151 potius

142 2151 178 2184 in
207 2159 286 2184 eum
314 2149 419 2194 cadit,
446 2150 506 2196 qui
534 2149 632 2185 alteri
661 2149 827 2196 lacrymas
854 2151 958 2188 elicit.

228 2210 264 2258 ²)
292 2212 360 2257 Qui
388 2213 480 2261 baec,
514 2225 594 2261 quae
621 2214 665 2250 de
693 2214 950 2262 Agamemnone
978 2222 1175 2265 narrantur,
1216 2231 1261 2256 ex
1295 2221 1502 2260 nobilissima
1531 2225 1587 2262 illa

142 2267 333 2304 Timanthis
373 2268 490 2304 tabula
525 2269 689 2306 imitando
724 2270 768 2305 ab
802 2270 1043 2316 interpolatore
1070 2283 1271 2320 expressum
1296 2287 1373 2312 esse
1404 2279 1588 2326 suspican-

141 2326 214 2370 tur,
249 2321 314 2358 nisi
341 2323 436 2369 prius
463 2322 791 2372 demonstraverint,
826 2324 998 2373 epilogum
1026 2332 1181 2366 nostrum
1211 2341 1280 2368 non
1309 2343 1383 2369 esse
1410 2333 1454 2370 ab
1482 2335 1587 2371 Euri-

142 2378 223 2425 pide
249 2378 434 2424 scriptum,
475 2379 557 2415 nihil
588 2380 767 2427 impediet,
808 2383 992 2427 quominus
1019 2384 1128 2429 pictor
1161 2390 1298 2431 poetam
1334 2388 1487 2424 imitatus
1514 2400 1589 2426 esse

140 2435 303 2478 putetur3
331 2442 410 2468 nam
438 2438 541 2469 aetate
568 2434 706 2470 inferior
732 2434 867 2472 videtur
895 2436 1033 2473 fuisse·

231 2495 260 2539 ⁸)
287 2497 400 2533 Etiam
429 2497 492 2533 hoc
519 2499 697 2545 Hartungo
724 2500 869 2535 absurde
896 2501 1016 2537 fictum
1044 2503 1189 2551 videtur,
1216 2515 1325 2551 quum
1353 2505 1587 2551 Agamemno-

145 2561 224 2587 nem
252 2555 357 2597 caput
386 2553 559 2597 operuisse
587 2557 764 2589 narratum
792 2549 853 2590 sit!

227 2615 260 2659 ,4)
287 2615 376 2660 Quae
406 2615 600 2654 Matthiaeus
628 2620 662 2654 in
695 2622 783 2673 ηρὸς
804 2624 910 2660 ταῦτα
932 2627 1205 2669 argumentatur,
1234 2623 1318 2660 nihil
1336 2624 1460 2661 valent.
1482 2620 1589 2663 'Per-
