<?xml version="1.0" encoding="UTF-8"?>
<!DOCTYPE html PUBLIC "-//W3C//DTD XHTML 1.0 Transitional//EN"
    "http://www.w3.org/TR/xhtml1/DTD/xhtml1-transitional.dtd">
<html xmlns="http://www.w3.org/1999/xhtml" xml:lang="en" lang="en">
 <head>
  <title>
</title>
<meta http-equiv="Content-Type" content="text/html;charset=utf-8" />
  <meta name='ocr-system' content='tesseract 3.04.00' />
  <meta name='ocr-capabilities' content='ocr_page ocr_carea ocr_par ocr_line ocrx_word'/>
</head>
<body>
  <div class='ocr_page' id='page_1' title='image "4737834_0036.png"; bbox 0 0 1730 3063; ppageno 0'>
   <div class='ocr_carea' id='block_1_1' title="bbox 844 163 904 206">
    <p class='ocr_par' dir='ltr' id='par_1_1' title="bbox 844 163 904 206">
     <span class='ocr_line' id='line_1_1' title="bbox 844 163 904 206; baseline 0 0"><span class='ocrx_word' id='word_1_1' title='bbox 844 163 904 206; x_wconf 74' lang='lat'><strong>26</strong></span> 
     </span>
    </p>
   </div>
   <div class='ocr_carea' id='block_1_2' title="bbox 132 266 1595 987">
    <p class='ocr_par' dir='ltr' id='par_1_2' title="bbox 132 266 1595 987">
     <span class='ocr_line' id='line_1_2' title="bbox 146 266 1590 326; baseline 0.001 -18"><span class='ocrx_word' id='word_1_2' title='bbox 146 274 240 311; x_wconf 86' lang='lat' dir='ltr'><strong>anto</strong></span> <span class='ocrx_word' id='word_1_3' title='bbox 257 269 499 325; x_wconf 80' lang='lat' dir='ltr'>Agamemno</span> <span class='ocrx_word' id='word_1_4' title='bbox 521 266 698 322; x_wconf 80' lang='lat' dir='ltr'><strong>dixerat,</strong></span> <span class='ocrx_word' id='word_1_5' title='bbox 732 275 880 326; x_wconf 75' lang='lat' dir='ltr'><strong>praeter</strong></span> <span class='ocrx_word' id='word_1_6' title='bbox 903 267 1033 323; x_wconf 90' lang='lat' dir='ltr'><strong>ipsum</strong></span> <span class='ocrx_word' id='word_1_7' title='bbox 1059 275 1140 309; x_wconf 86' lang='lat' dir='ltr'><strong>tres</strong></span> <span class='ocrx_word' id='word_1_8' title='bbox 1164 274 1317 310; x_wconf 87' lang='lat' dir='ltr'><strong>tantum</strong></span> <span class='ocrx_word' id='word_1_9' title='bbox 1338 268 1464 319; x_wconf 78' lang='lat' dir='ltr'><strong>viros,</strong></span> <span class='ocrx_word' id='word_1_10' title='bbox 1501 269 1590 311; x_wconf 74' lang='lat' dir='ltr'><strong>Me-</strong></span> 
     </span>
     <span class='ocr_line' id='line_1_3' title="bbox 145 331 1590 388; baseline 0.001 -13"><span class='ocrx_word' id='word_1_11' title='bbox 145 335 303 378; x_wconf 83' lang='lat' dir='ltr'><strong>nelaum</strong></span> <span class='ocrx_word' id='word_1_12' title='bbox 346 343 386 377; x_wconf 88' lang='lat' dir='ltr'><strong>et</strong></span> <span class='ocrx_word' id='word_1_13' title='bbox 427 333 684 377; x_wconf 79' lang='lat' dir='ltr'><strong>Calchantem</strong></span> <span class='ocrx_word' id='word_1_14' title='bbox 726 343 767 375; x_wconf 89' lang='lat' dir='ltr'><strong>et</strong></span> <span class='ocrx_word' id='word_1_15' title='bbox 802 332 982 386; x_wconf 77' lang='lat' dir='ltr'>Ulixem,</span> <span class='ocrx_word' id='word_1_16' title='bbox 1025 331 1144 388; x_wconf 88' lang='lat' dir='ltr'><strong>hujus</strong></span> <span class='ocrx_word' id='word_1_17' title='bbox 1188 336 1242 376; x_wconf 91' lang='lat' dir='ltr'><strong>rei</strong></span> <span class='ocrx_word' id='word_1_18' title='bbox 1278 335 1455 377; x_wconf 87' lang='lat' dir='ltr'><strong>conscios</strong></span> <span class='ocrx_word' id='word_1_19' title='bbox 1490 348 1590 376; x_wconf 74' lang='lat' dir='ltr'><strong>esse.</strong></span> 
     </span>
     <span class='ocr_line' id='line_1_4' title="bbox 143 397 1588 458; baseline -0.001 -16"><span class='ocrx_word' id='word_1_20' title='bbox 143 401 229 443; x_wconf 87' lang='lat' dir='ltr'><strong>Nec</strong></span> <span class='ocrx_word' id='word_1_21' title='bbox 270 403 399 443; x_wconf 89' lang='lat' dir='ltr'><strong>minus</strong></span> <span class='ocrx_word' id='word_1_22' title='bbox 434 400 654 443; x_wconf 90' lang='lat' dir='ltr'><strong>absurdum</strong></span> <span class='ocrx_word' id='word_1_23' title='bbox 690 409 752 442; x_wconf 88' lang='lat' dir='ltr'><strong>est</strong></span> <span class='ocrx_word' id='word_1_24' title='bbox 785 398 890 457; x_wconf 91' lang='lat' dir='ltr'><strong>quod</strong></span> <span class='ocrx_word' id='word_1_25' title='bbox 928 397 1020 442; x_wconf 84' lang='lat' dir='ltr'><strong>dicit</strong></span> <span class='ocrx_word' id='word_1_26' title='bbox 1055 412 1177 441; x_wconf 85' lang='lat' dir='ltr'>senex</span> <span class='ocrx_word' id='word_1_27' title='bbox 1224 415 1259 442; x_wconf 93' lang='lat' dir='ltr'><strong>v.</strong></span> <span class='ocrx_word' id='word_1_28' title='bbox 1300 400 1413 455; x_wconf 72' lang='lat'><strong>⁴33,</strong></span> <span class='ocrx_word' id='word_1_29' title='bbox 1464 413 1588 458; x_wconf 90' lang='lat' dir='ltr'><strong>quum</strong></span> 
     </span>
     <span class='ocr_line' id='line_1_5' title="bbox 142 464 1591 524; baseline -0.001 -17"><span class='ocrx_word' id='word_1_30' title='bbox 142 480 218 509; x_wconf 91' lang='lat' dir='ltr'><strong>non</strong></span> <span class='ocrx_word' id='word_1_31' title='bbox 269 465 535 521; x_wconf 83' lang='lat' dir='ltr'><strong>significatum</strong></span> <span class='ocrx_word' id='word_1_32' title='bbox 578 468 651 510; x_wconf 89' lang='lat' dir='ltr'><strong>sit.</strong></span> <span class='ocrx_word' id='word_1_33' title='bbox 704 464 900 524; x_wconf 89' lang='lat' dir='ltr'><strong>quomodo</strong></span> <span class='ocrx_word' id='word_1_34' title='bbox 945 464 1006 506; x_wconf 88' lang='lat' dir='ltr'><strong>ille</strong></span> <span class='ocrx_word' id='word_1_35' title='bbox 1051 467 1155 520; x_wconf 75' lang='lat' dir='ltr'><strong>regis</strong></span> <span class='ocrx_word' id='word_1_36' title='bbox 1198 465 1330 507; x_wconf 91' lang='lat' dir='ltr'><strong>dolum</strong></span> <span class='ocrx_word' id='word_1_37' title='bbox 1368 467 1591 523; x_wconf 77' lang='lat' dir='ltr'>perspicere</span> 
     </span>
     <span class='ocr_line' id='line_1_6' title="bbox 142 527 1590 589; baseline 0.001 -16"><span class='ocrx_word' id='word_1_38' title='bbox 142 533 322 588; x_wconf 85' lang='lat' dir='ltr'><strong>potuerit.</strong></span> <span class='ocrx_word' id='word_1_39' title='bbox 392 531 602 575; x_wconf 80' lang='lat' dir='ltr'><strong>Contendit</strong></span> <span class='ocrx_word' id='word_1_40' title='bbox 637 527 910 588; x_wconf 86' lang='lat' dir='ltr'><strong>Hartungus¹)</strong></span> <span class='ocrx_word' id='word_1_41' title='bbox 945 543 1112 573; x_wconf 83' lang='lat' dir='ltr'><strong>suminae</strong></span> <span class='ocrx_word' id='word_1_42' title='bbox 1147 545 1237 573; x_wconf 79' lang='lat' dir='ltr'><strong>esse</strong></span> <span class='ocrx_word' id='word_1_43' title='bbox 1260 532 1522 589; x_wconf 83' lang='lat' dir='ltr'><strong>stupiditatis‚</strong></span> <span class='ocrx_word' id='word_1_44' title='bbox 1556 534 1590 574; x_wconf 88' lang='lat' dir='ltr'><strong>si</strong></span> 
     </span>
     <span class='ocr_line' id='line_1_7' title="bbox 142 595 1588 657; baseline 0.002 -18"><span class='ocrx_word' id='word_1_45' title='bbox 142 611 285 648; x_wconf 72' lang='lat' dir='ltr'><strong>senex,</strong></span> <span class='ocrx_word' id='word_1_46' title='bbox 321 612 445 657; x_wconf 90' lang='lat' dir='ltr'><strong>quum</strong></span> <span class='ocrx_word' id='word_1_47' title='bbox 484 599 723 656; x_wconf 70' lang='lat' dir='ltr'>Iphigeniam</span> <span class='ocrx_word' id='word_1_48' title='bbox 749 595 926 640; x_wconf 84' lang='lat' dir='ltr'><strong>audisset</strong></span> <span class='ocrx_word' id='word_1_49' title='bbox 962 598 1084 639; x_wconf 89' lang='lat' dir='ltr'><strong>inscio</strong></span> <span class='ocrx_word' id='word_1_50' title='bbox 1117 597 1269 640; x_wconf 77' lang='lat' dir='ltr'><strong>Achille</strong></span> <span class='ocrx_word' id='word_1_51' title='bbox 1305 600 1341 639; x_wconf 91' lang='lat' dir='ltr'><strong>in</strong></span> <span class='ocrx_word' id='word_1_52' title='bbox 1368 597 1471 641; x_wconf 88' lang='lat' dir='ltr'><strong>illius</strong></span> <span class='ocrx_word' id='word_1_53' title='bbox 1496 613 1588 642; x_wconf 86' lang='lat' dir='ltr'><strong>ma-</strong></span> 
     </span>
     <span class='ocr_line' id='line_1_8' title="bbox 137 662 1584 722; baseline 0.002 -17"><span class='ocrx_word' id='word_1_54' title='bbox 137 665 362 707; x_wconf 88' lang='lat' dir='ltr'><strong>trimonium</strong></span> <span class='ocrx_word' id='word_1_55' title='bbox 406 667 638 707; x_wconf 76' lang='lat' dir='ltr'><strong>arcessitam</strong></span> <span class='ocrx_word' id='word_1_56' title='bbox 684 678 792 717; x_wconf 85' lang='lat' dir='ltr'><strong>esse,</strong></span> <span class='ocrx_word' id='word_1_57' title='bbox 839 663 1037 722; x_wconf 88' lang='lat' dir='ltr'><strong>simulque</strong></span> <span class='ocrx_word' id='word_1_58' title='bbox 1083 662 1318 706; x_wconf 76' lang='lat' dir='ltr'><strong>sacrificium</strong></span> <span class='ocrx_word' id='word_1_59' title='bbox 1362 668 1584 722; x_wconf 83' lang='lat' dir='ltr'><strong>comperis-</strong></span> 
     </span>
     <span class='ocr_line' id='line_1_9' title="bbox 134 725 1586 789; baseline 0.003 -17"><span class='ocrx_word' id='word_1_60' title='bbox 134 740 196 773; x_wconf 86' lang='lat' dir='ltr'><strong>set</strong></span> <span class='ocrx_word' id='word_1_61' title='bbox 241 746 261 773; x_wconf 90' lang='lat' dir='ltr'><strong>a</strong></span> <span class='ocrx_word' id='word_1_62' title='bbox 308 731 525 775; x_wconf 78' lang='lat' dir='ltr'><strong>Calchante</strong></span> <span class='ocrx_word' id='word_1_63' title='bbox 571 733 827 789; x_wconf 85' lang='lat' dir='ltr'><strong>imperatum,</strong></span> <span class='ocrx_word' id='word_1_64' title='bbox 881 725 954 783; x_wconf 60' lang='lat' dir='ltr'><strong>si,</strong></span> <span class='ocrx_word' id='word_1_65' title='bbox 989 729 1093 789; x_wconf 91' lang='lat' dir='ltr'><strong>quod</strong></span> <span class='ocrx_word' id='word_1_66' title='bbox 1148 745 1286 772; x_wconf 74' lang='lat' dir='ltr'><strong>verum</strong></span> <span class='ocrx_word' id='word_1_67' title='bbox 1331 740 1439 774; x_wconf 77' lang='lat' dir='ltr'><strong>esset</strong></span> <span class='ocrx_word' id='word_1_68' title='bbox 1485 735 1586 788; x_wconf 77' lang='lat' dir='ltr'><strong>regis</strong></span> 
     </span>
     <span class='ocr_line' id='line_1_10' title="bbox 133 796 1595 855; baseline 0 -16"><span class='ocrx_word' id='word_1_69' title='bbox 133 798 362 852; x_wconf 89' lang='lat' dir='ltr'><strong>consilium,</strong></span> <span class='ocrx_word' id='word_1_70' title='bbox 407 813 480 839; x_wconf 92' lang='lat' dir='ltr'><strong>non</strong></span> <span class='ocrx_word' id='word_1_71' title='bbox 519 797 763 854; x_wconf 76' lang='lat' dir='ltr'><strong>intelligeret.</strong></span> <span class='ocrx_word' id='word_1_72' title='bbox 835 800 885 839; x_wconf 88' lang='lat' dir='ltr'><strong>At</strong></span> <span class='ocrx_word' id='word_1_73' title='bbox 923 811 1049 855; x_wconf 89' lang='lat' dir='ltr'><strong>neque</strong></span> <span class='ocrx_word' id='word_1_74' title='bbox 1085 806 1164 839; x_wconf 89' lang='lat' dir='ltr'><strong>tam</strong></span> <span class='ocrx_word' id='word_1_75' title='bbox 1204 796 1342 839; x_wconf 84' lang='lat' dir='ltr'><strong>validae</strong></span> <span class='ocrx_word' id='word_1_76' title='bbox 1377 808 1470 839; x_wconf 77' lang='lat' dir='ltr'><strong>sunt</strong></span> <span class='ocrx_word' id='word_1_77' title='bbox 1509 796 1595 840; x_wconf 78' lang='lat' dir='ltr'><strong>ittae&#39;</strong></span> 
     </span>
     <span class='ocr_line' id='line_1_11' title="bbox 132 862 1582 921; baseline 0.001 -16"><span class='ocrx_word' id='word_1_78' title='bbox 132 876 264 906; x_wconf 83' lang='lat' dir='ltr'><strong>causae</strong></span> <span class='ocrx_word' id='word_1_79' title='bbox 309 873 441 907; x_wconf 85' lang='lat' dir='ltr'><strong>tamve</strong></span> <span class='ocrx_word' id='word_1_80' title='bbox 487 864 693 907; x_wconf 80' lang='lat' dir='ltr'><strong>manifesta</strong></span> <span class='ocrx_word' id='word_1_81' title='bbox 739 863 984 920; x_wconf 86' lang='lat' dir='ltr'><strong>conjectura,</strong></span> <span class='ocrx_word' id='word_1_82' title='bbox 1033 871 1075 905; x_wconf 92' lang='lat' dir='ltr'><strong>ut</strong></span> <span class='ocrx_word' id='word_1_83' title='bbox 1121 862 1314 921; x_wconf 89' lang='lat' dir='ltr'><strong>parricidii</strong></span> <span class='ocrx_word' id='word_1_84' title='bbox 1359 866 1507 907; x_wconf 82' lang='lat' dir='ltr'><strong>crimen</strong></span> <span class='ocrx_word' id='word_1_85' title='bbox 1547 867 1582 906; x_wconf 92' lang='lat' dir='ltr'><strong>in</strong></span> 
     </span>
     <span class='ocr_line' id='line_1_12' title="bbox 134 928 1582 987; baseline 0.001 -17"><span class='ocrx_word' id='word_1_86' title='bbox 134 929 272 971; x_wconf 88' lang='lat' dir='ltr'><strong>herum</strong></span> <span class='ocrx_word' id='word_1_87' title='bbox 324 932 516 986; x_wconf 83' lang='lat' dir='ltr'><strong>conjicere</strong></span> <span class='ocrx_word' id='word_1_88' title='bbox 566 945 640 971; x_wconf 90' lang='lat' dir='ltr'><strong>non</strong></span> <span class='ocrx_word' id='word_1_89' title='bbox 690 929 910 981; x_wconf 81' lang='lat' dir='ltr'><strong>dubitaret,</strong></span> <span class='ocrx_word' id='word_1_90' title='bbox 961 940 1022 982; x_wconf 85' lang='lat' dir='ltr'><strong>et,</strong></span> <span class='ocrx_word' id='word_1_91' title='bbox 1076 928 1180 987; x_wconf 92' lang='lat' dir='ltr'><strong>quod</strong></span> <span class='ocrx_word' id='word_1_92' title='bbox 1234 932 1450 972; x_wconf 84' lang='lat' dir='ltr'><strong>maximum</strong></span> <span class='ocrx_word' id='word_1_93' title='bbox 1499 939 1582 982; x_wconf 85' lang='lat' dir='ltr'><strong>est,</strong></span> 
     </span>
    </p>
   </div>
   <div class='ocr_carea' id='block_1_3' title="bbox 106 994 1583 2576">
    <p class='ocr_par' dir='ltr' id='par_1_3' title="bbox 122 994 1583 1449">
     <span class='ocr_line' id='line_1_13' title="bbox 132 994 1583 1054; baseline -0.001 -16"><span class='ocrx_word' id='word_1_94' title='bbox 132 995 238 1038; x_wconf 87' lang='lat' dir='ltr'><strong>unde</strong></span> <span class='ocrx_word' id='word_1_95' title='bbox 282 996 440 1039; x_wconf 89' lang='lat' dir='ltr'><strong>tandem</strong></span> <span class='ocrx_word' id='word_1_96' title='bbox 485 996 576 1039; x_wconf 89' lang='lat' dir='ltr'><strong>illud</strong></span> <span class='ocrx_word' id='word_1_97' title='bbox 620 999 792 1049; x_wconf 86' lang='lat' dir='ltr'><strong>scimus,</strong></span> <span class='ocrx_word' id='word_1_98' title='bbox 833 994 938 1052; x_wconf 92' lang='lat' dir='ltr'><strong>quod</strong></span> <span class='ocrx_word' id='word_1_99' title='bbox 983 996 1215 1050; x_wconf 85' lang='lat' dir='ltr'><strong>Hartu-ngus</strong></span> <span class='ocrx_word' id='word_1_100' title='bbox 1249 997 1438 1054; x_wconf 86' lang='lat' dir='ltr'><strong>sumpsit,</strong></span> <span class='ocrx_word' id='word_1_101' title='bbox 1486 996 1583 1040; x_wconf 91' lang='lat' dir='ltr'><strong>Cal-</strong></span> 
     </span>
     <span class='ocr_line' id='line_1_14' title="bbox 132 1061 1580 1118; baseline 0.001 -16"><span class='ocrx_word' id='word_1_102' title='bbox 132 1061 285 1103; x_wconf 88' lang='lat' dir='ltr'><strong>chantis</strong></span> <span class='ocrx_word' id='word_1_103' title='bbox 331 1076 562 1118; x_wconf 87' lang='lat' dir='ltr'><strong>responsum</strong></span> <span class='ocrx_word' id='word_1_104' title='bbox 599 1065 682 1104; x_wconf 86' lang='lat' dir='ltr'><strong>seni</strong></span> <span class='ocrx_word' id='word_1_105' title='bbox 718 1075 806 1103; x_wconf 87' lang='lat' dir='ltr'><strong>esse</strong></span> <span class='ocrx_word' id='word_1_106' title='bbox 843 1061 1074 1117; x_wconf 83' lang='lat' dir='ltr'><strong>cognitum?</strong></span> <span class='ocrx_word' id='word_1_107' title='bbox 1142 1061 1461 1103; x_wconf 83' lang='lat' dir='ltr'><strong>Consentaneum</strong></span> <span class='ocrx_word' id='word_1_108' title='bbox 1497 1070 1580 1113; x_wconf 78' lang='lat' dir='ltr'><strong>est,</strong></span> 
     </span>
     <span class='ocr_line' id='line_1_15' title="bbox 128 1126 1570 1186; baseline 0.001 -18"><span class='ocrx_word' id='word_1_109' title='bbox 128 1128 290 1186; x_wconf 79' lang='lat' dir='ltr'><strong>inquiet.</strong></span> <span class='ocrx_word' id='word_1_110' title='bbox 371 1129 532 1171; x_wconf 82' lang='lat' dir='ltr'><strong>Minime</strong></span> <span class='ocrx_word' id='word_1_111' title='bbox 579 1142 692 1171; x_wconf 86' lang='lat' dir='ltr'><strong>vero:</strong></span> <span class='ocrx_word' id='word_1_112' title='bbox 748 1128 968 1185; x_wconf 77' lang='lat' dir='ltr'><strong>praesertim</strong></span> <span class='ocrx_word' id='word_1_113' title='bbox 1013 1142 1136 1186; x_wconf 91' lang='lat' dir='ltr'><strong>quum</strong></span> <span class='ocrx_word' id='word_1_114' title='bbox 1181 1141 1231 1169; x_wconf 85' lang='lat' dir='ltr'><strong>ex</strong></span> <span class='ocrx_word' id='word_1_115' title='bbox 1277 1142 1313 1169; x_wconf 80' lang='grc' dir='ltr'><strong>ν.</strong></span> <span class='ocrx_word' id='word_1_116' title='bbox 1353 1126 1570 1172; x_wconf 71' lang='lat'><em>548—311</em></span> 
     </span>
     <span class='ocr_line' id='line_1_16' title="bbox 126 1193 1578 1251; baseline 0 -17"><span class='ocrx_word' id='word_1_117' title='bbox 126 1193 405 1235; x_wconf 84' lang='lat' dir='ltr'><strong>confirmatum</strong></span> <span class='ocrx_word' id='word_1_118' title='bbox 445 1194 673 1246; x_wconf 86' lang='lat' dir='ltr'><strong>videamus,</strong></span> <span class='ocrx_word' id='word_1_119' title='bbox 707 1193 810 1251; x_wconf 90' lang='lat' dir='ltr'><strong>quod</strong></span> <span class='ocrx_word' id='word_1_120' title='bbox 848 1196 963 1234; x_wconf 91' lang='lat' dir='ltr'><strong>etiam</strong></span> <span class='ocrx_word' id='word_1_121' title='bbox 1001 1208 1050 1234; x_wconf 88' lang='lat' dir='ltr'><strong>ex</strong></span> <span class='ocrx_word' id='word_1_122' title='bbox 1074 1193 1375 1247; x_wconf 72' lang='lat' dir='ltr'><strong>Agamemnonis</strong></span> <span class='ocrx_word' id='word_1_123' title='bbox 1401 1196 1578 1235; x_wconf 85' lang='lat' dir='ltr'><strong>oratione</strong></span> 
     </span>
     <span class='ocr_line' id='line_1_17' title="bbox 125 1257 1577 1318; baseline 0.001 -18"><span class='ocrx_word' id='word_1_124' title='bbox 125 1260 228 1301; x_wconf 91' lang='lat' dir='ltr'><strong>sumi</strong></span> <span class='ocrx_word' id='word_1_125' title='bbox 265 1268 415 1316; x_wconf 90' lang='lat' dir='ltr'><strong>potest,</strong></span> <span class='ocrx_word' id='word_1_126' title='bbox 453 1274 526 1302; x_wconf 90' lang='lat' dir='ltr'><strong>non</strong></span> <span class='ocrx_word' id='word_1_127' title='bbox 564 1261 692 1302; x_wconf 84' lang='lat' dir='ltr'><strong>minus</strong></span> <span class='ocrx_word' id='word_1_128' title='bbox 727 1258 776 1302; x_wconf 88' lang='lat' dir='ltr'><strong>de</strong></span> <span class='ocrx_word' id='word_1_129' title='bbox 813 1257 876 1301; x_wconf 89' lang='lat' dir='ltr'><strong>illo</strong></span> <span class='ocrx_word' id='word_1_130' title='bbox 912 1273 1100 1318; x_wconf 83' lang='lat' dir='ltr'><strong>responso</strong></span> <span class='ocrx_word' id='word_1_131' title='bbox 1135 1272 1252 1316; x_wconf 89' lang='lat' dir='ltr'><strong>quam</strong></span> <span class='ocrx_word' id='word_1_132' title='bbox 1290 1258 1339 1300; x_wconf 84' lang='lat' dir='ltr'><strong>de</strong></span> <span class='ocrx_word' id='word_1_133' title='bbox 1377 1261 1442 1313; x_wconf 89' lang='lat' dir='ltr'><strong>iis,</strong></span> <span class='ocrx_word' id='word_1_134' title='bbox 1486 1274 1577 1318; x_wconf 84' lang='lat' dir='ltr'><strong>quae</strong></span> 
     </span>
     <span class='ocr_line' id='line_1_18' title="bbox 126 1324 1573 1382; baseline 0.001 -16"><span class='ocrx_word' id='word_1_135' title='bbox 126 1334 213 1380; x_wconf 91' lang='lat' dir='ltr'><strong>post</strong></span> <span class='ocrx_word' id='word_1_136' title='bbox 251 1326 352 1367; x_wconf 86' lang='lat' dir='ltr'><strong>facta</strong></span> <span class='ocrx_word' id='word_1_137' title='bbox 399 1334 492 1367; x_wconf 86' lang='lat' dir='ltr'><strong>sunt</strong></span> <span class='ocrx_word' id='word_1_138' title='bbox 528 1339 549 1367; x_wconf 91' lang='lat' dir='ltr'><strong>a</strong></span> <span class='ocrx_word' id='word_1_139' title='bbox 585 1335 776 1382; x_wconf 90' lang='lat' dir='ltr'><strong>quattuor</strong></span> <span class='ocrx_word' id='word_1_140' title='bbox 812 1324 886 1366; x_wconf 91' lang='lat' dir='ltr'><strong>illis</strong></span> <span class='ocrx_word' id='word_1_141' title='bbox 927 1328 1024 1367; x_wconf 89' lang='lat' dir='ltr'><strong>viris</strong></span> <span class='ocrx_word' id='word_1_142' title='bbox 1059 1334 1212 1367; x_wconf 84' lang='lat' dir='ltr'><strong>ceteros</strong></span> <span class='ocrx_word' id='word_1_143' title='bbox 1250 1325 1369 1367; x_wconf 87' lang='lat' dir='ltr'><strong>fuisse</strong></span> <span class='ocrx_word' id='word_1_144' title='bbox 1406 1327 1573 1374; x_wconf 84' lang='lat' dir='ltr'><strong>celatos;</strong></span> 
     </span>
     <span class='ocr_line' id='line_1_19' title="bbox 122 1390 1264 1449; baseline 0.001 -18"><span class='ocrx_word' id='word_1_145' title='bbox 122 1403 144 1431; x_wconf 88' lang='lat' dir='ltr'><strong>e</strong></span> <span class='ocrx_word' id='word_1_146' title='bbox 179 1405 258 1449; x_wconf 94' lang='lat' dir='ltr'><strong>quo</strong></span> <span class='ocrx_word' id='word_1_147' title='bbox 298 1405 461 1434; x_wconf 89' lang='lat' dir='ltr'><strong>numero</strong></span> <span class='ocrx_word' id='word_1_148' title='bbox 497 1390 590 1434; x_wconf 89' lang='lat' dir='ltr'><strong>nihil</strong></span> <span class='ocrx_word' id='word_1_149' title='bbox 630 1401 712 1443; x_wconf 76' lang='lat' dir='ltr'><strong>est,</strong></span> <span class='ocrx_word' id='word_1_150' title='bbox 749 1405 821 1434; x_wconf 88' lang='lat' dir='ltr'><strong>cur</strong></span> <span class='ocrx_word' id='word_1_151' title='bbox 856 1404 991 1433; x_wconf 83' lang='lat' dir='ltr'><strong>senem</strong></span> <span class='ocrx_word' id='word_1_152' title='bbox 1028 1391 1264 1433; x_wconf 87' lang='lat' dir='ltr'><strong>eximamus.</strong></span> 
     </span>
    </p>

    <p class='ocr_par' dir='ltr' id='par_1_4' title="bbox 106 1455 1575 2576">
     <span class='ocr_line' id='line_1_20' title="bbox 223 1455 1575 1516; baseline 0.001 -16"><span class='ocrx_word' id='word_1_153' title='bbox 223 1459 363 1516; x_wconf 90' lang='lat' dir='ltr'><strong>Neque</strong></span> <span class='ocrx_word' id='word_1_154' title='bbox 409 1472 505 1500; x_wconf 79' lang='lat' dir='ltr'><strong>vero</strong></span> <span class='ocrx_word' id='word_1_155' title='bbox 550 1458 623 1499; x_wconf 90' lang='lat' dir='ltr'><strong>hoc</strong></span> <span class='ocrx_word' id='word_1_156' title='bbox 659 1466 812 1499; x_wconf 89' lang='lat' dir='ltr'><strong>tantum</strong></span> <span class='ocrx_word' id='word_1_157' title='bbox 851 1459 1006 1500; x_wconf 89' lang='lat' dir='ltr'><strong>nomine</strong></span> <span class='ocrx_word' id='word_1_158' title='bbox 1042 1455 1192 1498; x_wconf 81' lang='lat' dir='ltr'><strong>laborat</strong></span> <span class='ocrx_word' id='word_1_159' title='bbox 1232 1457 1422 1515; x_wconf 88' lang='lat' dir='ltr'><strong>Hartungi</strong></span> <span class='ocrx_word' id='word_1_160' title='bbox 1458 1461 1575 1512; x_wconf 86' lang='lat' dir='ltr'><strong>ratio;</strong></span> 
     </span>
     <span class='ocr_line' id='line_1_21' title="bbox 120 1521 1572 1583; baseline 0.001 -18"><span class='ocrx_word' id='word_1_161' title='bbox 120 1521 191 1565; x_wconf 83' lang='lat' dir='ltr'><strong>sed</strong></span> <span class='ocrx_word' id='word_1_162' title='bbox 241 1526 362 1566; x_wconf 89' lang='lat' dir='ltr'><strong>etiam</strong></span> <span class='ocrx_word' id='word_1_163' title='bbox 407 1523 458 1566; x_wconf 91' lang='lat' dir='ltr'><strong>illi</strong></span> <span class='ocrx_word' id='word_1_164' title='bbox 504 1525 716 1581; x_wconf 63' lang='lat' dir='ltr'><strong>anapaesti,</strong></span> <span class='ocrx_word' id='word_1_165' title='bbox 770 1525 836 1581; x_wconf 94' lang='lat' dir='ltr'><strong>qui</strong></span> <span class='ocrx_word' id='word_1_166' title='bbox 885 1525 921 1565; x_wconf 89' lang='lat' dir='ltr'><strong>in</strong></span> <span class='ocrx_word' id='word_1_167' title='bbox 967 1522 1077 1566; x_wconf 86' lang='lat' dir='ltr'><strong>libris</strong></span> <span class='ocrx_word' id='word_1_168' title='bbox 1126 1530 1218 1564; x_wconf 88' lang='lat' dir='ltr'><strong>ante</strong></span> <span class='ocrx_word' id='word_1_169' title='bbox 1261 1524 1411 1566; x_wconf 91' lang='lat' dir='ltr'><strong>iambos</strong></span> <span class='ocrx_word' id='word_1_170' title='bbox 1457 1527 1572 1583; x_wconf 89' lang='lat' dir='ltr'><strong>positi</strong></span> 
     </span>
     <span class='ocr_line' id='line_1_22' title="bbox 117 1588 1570 1646; baseline 0.001 -15"><span class='ocrx_word' id='word_1_171' title='bbox 117 1598 231 1642; x_wconf 83' lang='lat' dir='ltr'><strong>sunt,</strong></span> <span class='ocrx_word' id='word_1_172' title='bbox 276 1604 417 1631; x_wconf 86' lang='lat' dir='ltr'><strong>vereor</strong></span> <span class='ocrx_word' id='word_1_173' title='bbox 454 1604 503 1632; x_wconf 90' lang='lat' dir='ltr'><strong>ne</strong></span> <span class='ocrx_word' id='word_1_174' title='bbox 541 1589 709 1632; x_wconf 89' lang='lat' dir='ltr'><strong>multum</strong></span> <span class='ocrx_word' id='word_1_175' title='bbox 745 1588 971 1631; x_wconf 82' lang='lat' dir='ltr'><strong>detrimenti</strong></span> <span class='ocrx_word' id='word_1_176' title='bbox 1019 1590 1189 1646; x_wconf 87' lang='lat' dir='ltr'><strong>capiant.</strong></span> <span class='ocrx_word' id='word_1_177' title='bbox 1258 1588 1434 1640; x_wconf 82' lang='lat' dir='ltr'><strong>Quorum</strong></span> <span class='ocrx_word' id='word_1_178' title='bbox 1471 1605 1570 1632; x_wconf 89' lang='lat' dir='ltr'><strong>sen-</strong></span> 
     </span>
     <span class='ocr_line' id='line_1_23' title="bbox 119 1654 1569 1714; baseline 0.001 -18"><span class='ocrx_word' id='word_1_179' title='bbox 119 1658 284 1698; x_wconf 88' lang='lat' dir='ltr'><strong>tentiam</strong></span> <span class='ocrx_word' id='word_1_180' title='bbox 337 1669 564 1713; x_wconf 87' lang='lat' dir='ltr'><strong>nexumque</strong></span> <span class='ocrx_word' id='word_1_181' title='bbox 614 1670 734 1713; x_wconf 91' lang='lat' dir='ltr'><strong>supra</strong></span> <span class='ocrx_word' id='word_1_182' title='bbox 785 1654 1057 1705; x_wconf 84' lang='lat' dir='ltr'><strong>ostendimus;</strong></span> <span class='ocrx_word' id='word_1_183' title='bbox 1112 1668 1184 1695; x_wconf 81' lang='lat' dir='ltr'><strong>nec</strong></span> <span class='ocrx_word' id='word_1_184' title='bbox 1234 1654 1372 1709; x_wconf 88' lang='lat' dir='ltr'><strong>credo,</strong></span> <span class='ocrx_word' id='word_1_185' title='bbox 1419 1671 1569 1714; x_wconf 89' lang='lat' dir='ltr'><strong>quem-</strong></span> 
     </span>
     <span class='ocr_line' id='line_1_24' title="bbox 117 1720 1569 1780; baseline 0.001 -17"><span class='ocrx_word' id='word_1_186' title='bbox 117 1735 236 1778; x_wconf 89' lang='lat' dir='ltr'><strong>quam</strong></span> <span class='ocrx_word' id='word_1_187' title='bbox 282 1721 423 1773; x_wconf 82' lang='lat' dir='ltr'><strong>fuisse,</strong></span> <span class='ocrx_word' id='word_1_188' title='bbox 475 1724 564 1780; x_wconf 92' lang='lat' dir='ltr'><strong>qui,</strong></span> <span class='ocrx_word' id='word_1_189' title='bbox 616 1724 738 1764; x_wconf 86' lang='lat' dir='ltr'><strong>mirus</strong></span> <span class='ocrx_word' id='word_1_190' title='bbox 788 1720 849 1763; x_wconf 89' lang='lat' dir='ltr'><strong>ille</strong></span> <span class='ocrx_word' id='word_1_191' title='bbox 895 1722 1219 1778; x_wconf 84' lang='lat' dir='ltr'><strong>interruptusque</strong></span> <span class='ocrx_word' id='word_1_192' title='bbox 1264 1723 1569 1777; x_wconf 82' lang='lat' dir='ltr'><strong>Agamemnonis</strong></span> 
     </span>
     <span class='ocr_line' id='line_1_25' title="bbox 114 1786 1566 1847; baseline 0.002 -17"><span class='ocrx_word' id='word_1_193' title='bbox 114 1800 246 1831; x_wconf 81' lang='lat' dir='ltr'><strong>sermo</strong></span> <span class='ocrx_word' id='word_1_194' title='bbox 279 1802 400 1847; x_wconf 90' lang='lat' dir='ltr'><strong>quam</strong></span> <span class='ocrx_word' id='word_1_195' title='bbox 434 1789 621 1845; x_wconf 85' lang='lat' dir='ltr'><strong>originem</strong></span> <span class='ocrx_word' id='word_1_196' title='bbox 659 1787 844 1842; x_wconf 89' lang='lat' dir='ltr'><strong>haberet,</strong></span> <span class='ocrx_word' id='word_1_197' title='bbox 887 1789 1078 1830; x_wconf 86' lang='lat' dir='ltr'><strong>rationem</strong></span> <span class='ocrx_word' id='word_1_198' title='bbox 1114 1786 1281 1830; x_wconf 81' lang='lat' dir='ltr'><strong>reddere</strong></span> <span class='ocrx_word' id='word_1_199' title='bbox 1317 1799 1482 1832; x_wconf 86' lang='lat' dir='ltr'><strong>conatus</strong></span> <span class='ocrx_word' id='word_1_200' title='bbox 1517 1790 1566 1833; x_wconf 95' lang='lat' dir='ltr'><strong>ad</strong></span> 
     </span>
     <span class='ocr_line' id='line_1_26' title="bbox 113 1852 1564 1913; baseline 0.001 -17"><span class='ocrx_word' id='word_1_201' title='bbox 113 1852 400 1898; x_wconf 86' lang='lat' dir='ltr'><strong>dubitationem</strong></span> <span class='ocrx_word' id='word_1_202' title='bbox 442 1855 641 1913; x_wconf 86' lang='lat' dir='ltr'><strong>animique</strong></span> <span class='ocrx_word' id='word_1_203' title='bbox 684 1869 890 1911; x_wconf 84' lang='lat' dir='ltr'><strong>angorem,</strong></span> <span class='ocrx_word' id='word_1_204' title='bbox 943 1853 1086 1912; x_wconf 88' lang='lat' dir='ltr'><strong>quibus</strong></span> <span class='ocrx_word' id='word_1_205' title='bbox 1122 1868 1193 1896; x_wconf 85' lang='lat' dir='ltr'><strong>rex</strong></span> <span class='ocrx_word' id='word_1_206' title='bbox 1232 1863 1446 1911; x_wconf 83' lang='lat' dir='ltr'><strong>prematur,</strong></span> <span class='ocrx_word' id='word_1_207' title='bbox 1489 1856 1564 1899; x_wconf 86' lang='lat' dir='ltr'><strong>sibi</strong></span> 
     </span>
     <span class='ocr_line' id='line_1_27' title="bbox 114 1919 1564 1980; baseline 0.002 -18"><span class='ocrx_word' id='word_1_208' title='bbox 114 1919 391 1978; x_wconf 84' lang='lat' dir='ltr'><strong>refugiendum</strong></span> <span class='ocrx_word' id='word_1_209' title='bbox 434 1936 507 1963; x_wconf 92' lang='lat' dir='ltr'><strong>non</strong></span> <span class='ocrx_word' id='word_1_210' title='bbox 554 1920 710 1963; x_wconf 89' lang='lat' dir='ltr'><strong>viderit.</strong></span> <span class='ocrx_word' id='word_1_211' title='bbox 778 1922 863 1964; x_wconf 78' lang='lat' dir='ltr'><strong>Nec</strong></span> <span class='ocrx_word' id='word_1_212' title='bbox 906 1919 1020 1969; x_wconf 87' lang='lat' dir='ltr'><strong>aliam</strong></span> <span class='ocrx_word' id='word_1_213' title='bbox 1063 1935 1222 1964; x_wconf 88' lang='lat' dir='ltr'><strong>causam</strong></span> <span class='ocrx_word' id='word_1_214' title='bbox 1261 1924 1344 1979; x_wconf 90' lang='lat' dir='ltr'><strong>ipse</strong></span> <span class='ocrx_word' id='word_1_215' title='bbox 1379 1925 1564 1980; x_wconf 84' lang='lat' dir='ltr'><strong>quaesivit</strong></span> 
     </span>
     <span class='ocr_line' id='line_1_28' title="bbox 110 1985 1562 2044; baseline 0.001 -14"><span class='ocrx_word' id='word_1_216' title='bbox 110 1985 353 2043; x_wconf 84' lang='lat' dir='ltr'><strong>Hartungus.</strong></span> <span class='ocrx_word' id='word_1_217' title='bbox 423 1988 472 2029; x_wconf 91' lang='lat' dir='ltr'><strong>At</strong></span> <span class='ocrx_word' id='word_1_218' title='bbox 526 1986 630 2044; x_wconf 91' lang='lat' dir='ltr'><strong>quod</strong></span> <span class='ocrx_word' id='word_1_219' title='bbox 685 1989 722 2029; x_wconf 85' lang='lat' dir='ltr'><strong>in</strong></span> <span class='ocrx_word' id='word_1_220' title='bbox 777 1995 911 2029; x_wconf 89' lang='lat' dir='ltr'><strong>nostro</strong></span> <span class='ocrx_word' id='word_1_221' title='bbox 961 1987 1150 2030; x_wconf 77' lang='lat' dir='ltr'><strong>versuum</strong></span> <span class='ocrx_word' id='word_1_222' title='bbox 1201 1988 1338 2036; x_wconf 77' lang='lat' dir='ltr'><strong>ordine</strong></span> <span class='ocrx_word' id='word_1_223' title='bbox 1383 1988 1472 2044; x_wconf 87' lang='lat' dir='ltr'><strong>jure</strong></span> <span class='ocrx_word' id='word_1_224' title='bbox 1516 2004 1562 2031; x_wconf 91' lang='lat' dir='ltr'><strong>ac</strong></span> 
     </span>
     <span class='ocr_line' id='line_1_29' title="bbox 111 2052 1559 2111; baseline 0.002 -17"><span class='ocrx_word' id='word_1_225' title='bbox 111 2052 316 2095; x_wconf 86' lang='lat' dir='ltr'><strong>commode</strong></span> <span class='ocrx_word' id='word_1_226' title='bbox 362 2053 424 2106; x_wconf 87' lang='lat' dir='ltr'><strong>fit,</strong></span> <span class='ocrx_word' id='word_1_227' title='bbox 469 2054 649 2111; x_wconf 90' lang='lat' dir='ltr'><strong>quoniam</strong></span> <span class='ocrx_word' id='word_1_228' title='bbox 689 2067 778 2107; x_wconf 79' lang='lat' dir='ltr'><strong>rex,</strong></span> <span class='ocrx_word' id='word_1_229' title='bbox 821 2062 863 2095; x_wconf 90' lang='lat' dir='ltr'><strong>ut</strong></span> <span class='ocrx_word' id='word_1_230' title='bbox 911 2054 1081 2110; x_wconf 89' lang='lat' dir='ltr'><strong>primum</strong></span> <span class='ocrx_word' id='word_1_231' title='bbox 1129 2054 1164 2094; x_wconf 92' lang='lat' dir='ltr'><strong>in</strong></span> <span class='ocrx_word' id='word_1_232' title='bbox 1201 2068 1359 2096; x_wconf 87' lang='lat' dir='ltr'><strong>scenam</strong></span> <span class='ocrx_word' id='word_1_233' title='bbox 1397 2054 1559 2111; x_wconf 89' lang='lat' dir='ltr'><strong>prodiit,</strong></span> 
     </span>
     <span class='ocr_line' id='line_1_30' title="bbox 114 2117 1560 2177; baseline 0.003 -19"><span class='ocrx_word' id='word_1_234' title='bbox 114 2118 368 2161; x_wconf 85' lang='lat' dir='ltr'><strong>vehementer</strong></span> <span class='ocrx_word' id='word_1_235' title='bbox 403 2128 625 2162; x_wconf 88' lang='lat' dir='ltr'><strong>commotus</strong></span> <span class='ocrx_word' id='word_1_236' title='bbox 660 2129 845 2177; x_wconf 86' lang='lat' dir='ltr'><strong>apparet,</strong></span> <span class='ocrx_word' id='word_1_237' title='bbox 883 2120 919 2161; x_wconf 92' lang='lat' dir='ltr'><strong>id</strong></span> <span class='ocrx_word' id='word_1_238' title='bbox 959 2117 1071 2174; x_wconf 86' lang='lat' dir='ltr'><strong>longe</strong></span> <span class='ocrx_word' id='word_1_239' title='bbox 1099 2119 1212 2161; x_wconf 89' lang='lat' dir='ltr'><strong>aliter</strong></span> <span class='ocrx_word' id='word_1_240' title='bbox 1236 2128 1296 2161; x_wconf 89' lang='lat' dir='ltr'><strong>est</strong></span> <span class='ocrx_word' id='word_1_241' title='bbox 1321 2119 1424 2175; x_wconf 68' lang='lat' dir='ltr'><strong>apud</strong></span> <span class='ocrx_word' id='word_1_242' title='bbox 1454 2120 1560 2163; x_wconf 87' lang='lat' dir='ltr'><strong>Har-</strong></span> 
     </span>
     <span class='ocr_line' id='line_1_31' title="bbox 109 2184 1558 2243; baseline 0.003 -18"><span class='ocrx_word' id='word_1_243' title='bbox 109 2193 288 2242; x_wconf 86' lang='lat' dir='ltr'><strong>tungum.</strong></span> <span class='ocrx_word' id='word_1_244' title='bbox 358 2187 457 2228; x_wconf 91' lang='lat' dir='ltr'><strong>Nam</strong></span> <span class='ocrx_word' id='word_1_245' title='bbox 503 2199 573 2243; x_wconf 90' lang='lat' dir='ltr'><strong>per</strong></span> <span class='ocrx_word' id='word_1_246' title='bbox 614 2193 740 2228; x_wconf 88' lang='lat' dir='ltr'><strong>totum</strong></span> <span class='ocrx_word' id='word_1_247' title='bbox 776 2184 977 2243; x_wconf 86' lang='lat' dir='ltr'><strong>prologum</strong></span> <span class='ocrx_word' id='word_1_248' title='bbox 1013 2199 1135 2243; x_wconf 89' lang='lat' dir='ltr'><strong>quum</strong></span> <span class='ocrx_word' id='word_1_249' title='bbox 1174 2185 1425 2243; x_wconf 89' lang='lat' dir='ltr'><strong>tranquillum</strong></span> <span class='ocrx_word' id='word_1_250' title='bbox 1463 2201 1558 2229; x_wconf 89' lang='lat' dir='ltr'><strong>cer-</strong></span> 
     </span>
     <span class='ocr_line' id='line_1_32' title="bbox 110 2251 1557 2309; baseline 0.001 -15"><span class='ocrx_word' id='word_1_251' title='bbox 110 2258 277 2309; x_wconf 80' lang='lat' dir='ltr'><strong>tumque</strong></span> <span class='ocrx_word' id='word_1_252' title='bbox 319 2251 470 2295; x_wconf 89' lang='lat' dir='ltr'><strong>consilii</strong></span> <span class='ocrx_word' id='word_1_253' title='bbox 516 2254 851 2308; x_wconf 82' lang='lat' dir='ltr'><strong>Agamemnonem</strong></span> <span class='ocrx_word' id='word_1_254' title='bbox 895 2251 1134 2308; x_wconf 88' lang='lat' dir='ltr'><strong>viderimus,</strong></span> <span class='ocrx_word' id='word_1_255' title='bbox 1177 2252 1282 2294; x_wconf 92' lang='lat' dir='ltr'><strong>nulla</strong></span> <span class='ocrx_word' id='word_1_256' title='bbox 1321 2260 1382 2294; x_wconf 84' lang='lat' dir='ltr'><strong>est</strong></span> <span class='ocrx_word' id='word_1_257' title='bbox 1418 2267 1557 2307; x_wconf 87' lang='lat' dir='ltr'><strong>causa,</strong></span> 
     </span>
     <span class='ocr_line' id='line_1_33' title="bbox 107 2317 1553 2377; baseline 0.002 -19"><span class='ocrx_word' id='word_1_258' title='bbox 107 2331 180 2359; x_wconf 90' lang='lat' dir='ltr'><strong>cur</strong></span> <span class='ocrx_word' id='word_1_259' title='bbox 214 2317 346 2362; x_wconf 88' lang='lat' dir='ltr'><strong>subito</strong></span> <span class='ocrx_word' id='word_1_260' title='bbox 383 2320 419 2360; x_wconf 93' lang='lat' dir='ltr'><strong>in</strong></span> <span class='ocrx_word' id='word_1_261' title='bbox 455 2326 604 2361; x_wconf 89' lang='lat' dir='ltr'><strong>tantam</strong></span> <span class='ocrx_word' id='word_1_262' title='bbox 639 2318 745 2361; x_wconf 86' lang='lat' dir='ltr'><strong>illam</strong></span> <span class='ocrx_word' id='word_1_263' title='bbox 783 2317 1079 2377; x_wconf 81' lang='lat' dir='ltr'><strong>trepidationem</strong></span> <span class='ocrx_word' id='word_1_264' title='bbox 1118 2317 1276 2361; x_wconf 89' lang='lat' dir='ltr'><strong>incidat.</strong></span> <span class='ocrx_word' id='word_1_265' title='bbox 1325 2317 1553 2364; x_wconf 88' lang='lat' dir='ltr'><strong>Absurdum</strong></span> 
     </span>
     <span class='ocr_line' id='line_1_34' title="bbox 108 2378 1552 2443; baseline 0.003 -20"><span class='ocrx_word' id='word_1_266' title='bbox 108 2384 228 2438; x_wconf 88' lang='lat' dir='ltr'><strong>igitur</strong></span> <span class='ocrx_word' id='word_1_267' title='bbox 271 2384 432 2439; x_wconf 82' lang='lat' dir='ltr'><strong>accidit,</strong></span> <span class='ocrx_word' id='word_1_268' title='bbox 455 2384 578 2443; x_wconf 89' lang='lat' dir='ltr'><strong>·quod</strong></span> <span class='ocrx_word' id='word_1_269' title='bbox 617 2378 742 2426; x_wconf 77' lang='lat' dir='ltr'><strong>stellae</strong></span> <span class='ocrx_word' id='word_1_270' title='bbox 778 2398 917 2427; x_wconf 85' lang='lat' dir='ltr'><strong>nornen</strong></span> <span class='ocrx_word' id='word_1_271' title='bbox 953 2385 1118 2442; x_wconf 83' lang='lat' dir='ltr'><strong>quaerit,</strong></span> <span class='ocrx_word' id='word_1_272' title='bbox 1164 2399 1283 2442; x_wconf 89' lang='lat' dir='ltr'><strong>quam</strong></span> <span class='ocrx_word' id='word_1_273' title='bbox 1320 2385 1552 2440; x_wconf 82' lang='lat' dir='ltr'><strong>jamdudum</strong></span> 
     </span>
     <span class='ocr_line' id='line_1_35' title="bbox 107 2449 1550 2509; baseline 0.002 -19"><span class='ocrx_word' id='word_1_274' title='bbox 107 2450 282 2506; x_wconf 88' lang='lat' dir='ltr'><strong>aspicere</strong></span> <span class='ocrx_word' id='word_1_275' title='bbox 318 2459 357 2492; x_wconf 89' lang='lat' dir='ltr'><strong>et</strong></span> <span class='ocrx_word' id='word_1_276' title='bbox 393 2464 606 2509; x_wconf 87' lang='lat' dir='ltr'><strong>agnoscere</strong></span> <span class='ocrx_word' id='word_1_277' title='bbox 632 2452 822 2507; x_wconf 82' lang='lat' dir='ltr'><strong>potuerit:</strong></span> <span class='ocrx_word' id='word_1_278' title='bbox 857 2449 1096 2502; x_wconf 88' lang='lat' dir='ltr'><strong>absurdum,</strong></span> <span class='ocrx_word' id='word_1_279' title='bbox 1132 2451 1236 2509; x_wconf 92' lang='lat' dir='ltr'><strong>quod</strong></span> <span class='ocrx_word' id='word_1_280' title='bbox 1264 2465 1367 2493; x_wconf 92' lang='lat' dir='ltr'><strong>nunc</strong></span> <span class='ocrx_word' id='word_1_281' title='bbox 1390 2451 1550 2497; x_wconf 88' lang='lat' dir='ltr'><strong>demum</strong></span> 
     </span>
     <span class='ocr_line' id='line_1_36' title="bbox 106 2516 1552 2576; baseline 0.002 -20"><span class='ocrx_word' id='word_1_282' title='bbox 106 2517 232 2558; x_wconf 86' lang='lat' dir='ltr'><strong>noctis</strong></span> <span class='ocrx_word' id='word_1_283' title='bbox 270 2517 611 2576; x_wconf 86' lang='lat' dir='ltr'><strong>tranquillitatem,</strong></span> <span class='ocrx_word' id='word_1_284' title='bbox 651 2526 858 2559; x_wconf 90' lang='lat' dir='ltr'><strong>ventorum</strong></span> <span class='ocrx_word' id='word_1_285' title='bbox 895 2520 1110 2574; x_wconf 89' lang='lat' dir='ltr'><strong>aviumque</strong></span> <span class='ocrx_word' id='word_1_286' title='bbox 1141 2516 1339 2560; x_wconf 85' lang='lat' dir='ltr'><strong>silentium</strong></span> <span class='ocrx_word' id='word_1_287' title='bbox 1364 2517 1552 2560; x_wconf 84' lang='lat' dir='ltr'><strong>animad-</strong></span> 
     </span>
    </p>
   </div>
   <div class='ocr_carea' id='block_1_4' title="bbox 123 2658 633 2706">
    <p class='ocr_par' dir='ltr' id='par_1_5' title="bbox 123 2658 633 2706">
     <span class='ocr_line' id='line_1_37' title="bbox 123 2658 633 2706; baseline -0.002 -11"><span class='ocrx_word' id='word_1_288' title='bbox 123 2703 126 2706; x_wconf 13' lang='grc' dir='ltr'><strong><em>ἢ</em></strong></span> <span class='ocrx_word' id='word_1_289' title='bbox 192 2658 218 2701; x_wconf 85' lang='grc' dir='ltr'><strong>Ι)</strong></span> <span class='ocrx_word' id='word_1_290' title='bbox 248 2659 307 2695; x_wconf 90' lang='lat' dir='ltr'><strong>Ed.</strong></span> <span class='ocrx_word' id='word_1_291' title='bbox 336 2660 453 2697; x_wconf 88' lang='lat' dir='ltr'><strong>Germ.</strong></span> <span class='ocrx_word' id='word_1_292' title='bbox 484 2671 515 2706; x_wconf 92' lang='lat' dir='ltr'><strong>p.</strong></span> <span class='ocrx_word' id='word_1_293' title='bbox 547 2662 633 2696; x_wconf 82' lang='grc'><strong>189.</strong></span> 
     </span>
    </p>
   </div>
   <div class='ocr_carea' id='block_1_5' title="bbox 284 2621 439 2630">
    <p class='ocr_par' dir='ltr' id='par_1_6' title="bbox 284 2621 439 2630">
     <span class='ocr_line' id='line_1_38' title="bbox 284 2621 439 2630; baseline 0 0"><span class='ocrx_word' id='word_1_294' title='bbox 284 2621 439 2630; x_wconf 95' lang='lat' dir='ltr'><strong> </strong></span> 
     </span>
    </p>
   </div>
  </div>
 </body>
</html>
