<?xml version="1.0" encoding="UTF-8"?>
<!DOCTYPE html PUBLIC "-//W3C//DTD XHTML 1.0 Transitional//EN"
    "http://www.w3.org/TR/xhtml1/DTD/xhtml1-transitional.dtd">
<html xmlns="http://www.w3.org/1999/xhtml" xml:lang="en" lang="en">
 <head>
  <title>
</title>
<meta http-equiv="Content-Type" content="text/html;charset=utf-8" />
  <meta name='ocr-system' content='tesseract 3.04.00' />
  <meta name='ocr-capabilities' content='ocr_page ocr_carea ocr_par ocr_line ocrx_word'/>
</head>
<body>
  <div class='ocr_page' id='page_1' title='image "4737834_0061.png"; bbox 0 0 1730 3063; ppageno 0'>
   <div class='ocr_carea' id='block_1_1' title="bbox 851 146 903 191">
    <p class='ocr_par' dir='ltr' id='par_1_1' title="bbox 851 146 903 191">
     <span class='ocr_line' id='line_1_1' title="bbox 851 146 903 191; baseline -0.019 0"><span class='ocrx_word' id='word_1_1' title='bbox 851 146 903 191; x_wconf 73' lang='lat'><strong>5⁴</strong></span> 
     </span>
    </p>
   </div>
   <div class='ocr_carea' id='block_1_2' title="bbox 137 259 1598 1974">
    <p class='ocr_par' dir='ltr' id='par_1_2' title="bbox 138 259 1598 1842">
     <span class='ocr_line' id='line_1_2' title="bbox 153 259 1597 317; baseline -0.004 -10"><span class='ocrx_word' id='word_1_2' title='bbox 153 265 255 307; x_wconf 79' lang='lat' dir='ltr'><strong>fecit·</strong></span> <span class='ocrx_word' id='word_1_3' title='bbox 279 259 524 311; x_wconf 72' lang='lat' dir='ltr'><strong>Matthiaeus;</strong></span> <span class='ocrx_word' id='word_1_4' title='bbox 557 272 690 316; x_wconf 87' lang='lat' dir='ltr'><strong>neque</strong></span> <span class='ocrx_word' id='word_1_5' title='bbox 720 261 824 303; x_wconf 74' lang='lat' dir='ltr'><strong>euim</strong></span> <span class='ocrx_word' id='word_1_6' title='bbox 860 259 973 303; x_wconf 88' lang='lat' dir='ltr'><strong>aliter</strong></span> <span class='ocrx_word' id='word_1_7' title='bbox 1007 260 1209 303; x_wconf 89' lang='lat' dir='ltr'><strong>diversum</strong></span> <span class='ocrx_word' id='word_1_8' title='bbox 1247 261 1476 317; x_wconf 82' lang='lat' dir='ltr'><strong>posterioris</strong></span> <span class='ocrx_word' id='word_1_9' title='bbox 1506 261 1597 315; x_wconf 86' lang='lat' dir='ltr'><strong>epi-</strong></span> 
     </span>
     <span class='ocr_line' id='line_1_3' title="bbox 153 326 1598 386; baseline -0.002 -17"><span class='ocrx_word' id='word_1_10' title='bbox 153 326 399 386; x_wconf 81' lang='lat' dir='ltr'><strong>logipartis</strong></span> <span class='ocrx_word' id='word_1_11' title='bbox 451 333 657 367; x_wconf 78' lang='lat' dir='ltr'><strong>auctorem</strong></span> <span class='ocrx_word' id='word_1_12' title='bbox 711 326 934 382; x_wconf 74' lang='lat' dir='ltr'>statuisset)</span> <span class='ocrx_word' id='word_1_13' title='bbox 983 334 1111 384; x_wconf 89' lang='lat' dir='ltr'><strong>patet,</strong></span> <span class='ocrx_word' id='word_1_14' title='bbox 1161 326 1306 368; x_wconf 87' lang='lat' dir='ltr'><strong>nullam</strong></span> <span class='ocrx_word' id='word_1_15' title='bbox 1350 326 1598 383; x_wconf 80' lang='lat' dir='ltr'><strong>antiquitatis</strong></span> 
     </span>
     <span class='ocr_line' id='line_1_4' title="bbox 153 389 1598 451; baseline -0.004 -13"><span class='ocrx_word' id='word_1_16' title='bbox 153 391 394 451; x_wconf 77' lang='lat' dir='ltr'><strong>tragoediam</strong></span> <span class='ocrx_word' id='word_1_17' title='bbox 420 389 583 433; x_wconf 81' lang='lat' dir='ltr'><strong>liberam</strong></span> <span class='ocrx_word' id='word_1_18' title='bbox 606 392 800 448; x_wconf 86' lang='lat' dir='ltr'><strong>ejusmodi</strong></span> <span class='ocrx_word' id='word_1_19' title='bbox 825 392 1116 450; x_wconf 81' lang='lat' dir='ltr'><strong>suspicionibus</strong></span> <span class='ocrx_word' id='word_1_20' title='bbox 1140 392 1325 434; x_wconf 83' lang='lat' dir='ltr'><strong>futuram.</strong></span> <span class='ocrx_word' id='word_1_21' title='bbox 1362 393 1526 449; x_wconf 87' lang='lat' dir='ltr'><strong>AEquius</strong></span> <span class='ocrx_word' id='word_1_22' title='bbox 1549 390 1598 433; x_wconf 89' lang='lat' dir='ltr'><strong>de</strong></span> 
     </span>
     <span class='ocr_line' id='line_1_5' title="bbox 153 456 1598 516; baseline -0.003 -13"><span class='ocrx_word' id='word_1_23' title='bbox 153 457 431 516; x_wconf 81' lang='lat' dir='ltr'><strong>interpolatore</strong></span> <span class='ocrx_word' id='word_1_24' title='bbox 471 456 663 513; x_wconf 86' lang='lat' dir='ltr'><strong>judicavit</strong></span> <span class='ocrx_word' id='word_1_25' title='bbox 699 459 971 514; x_wconf 87' lang='lat' dir='ltr'><strong>Hermannus‚</strong></span> <span class='ocrx_word' id='word_1_26' title='bbox 1015 461 1076 501; x_wconf 89' lang='lat' dir='ltr'><strong>cui</strong></span> <span class='ocrx_word' id='word_1_27' title='bbox 1114 457 1337 501; x_wconf 71' lang='lat' dir='ltr'><strong>incredibile</strong></span> <span class='ocrx_word' id='word_1_28' title='bbox 1376 456 1598 510; x_wconf 89' lang='lat' dir='ltr'><strong>videbatur,</strong></span> 
     </span>
     <span class='ocr_line' id='line_1_6' title="bbox 149 516 1598 582; baseline -0.003 -12"><span class='ocrx_word' id='word_1_29' title='bbox 149 524 364 570; x_wconf 80' lang='lat' dir='ltr'><strong>»eundem</strong></span> <span class='ocrx_word' id='word_1_30' title='bbox 387 524 582 566; x_wconf 86' lang='lat' dir='ltr'><strong>hominem</strong></span> <span class='ocrx_word' id='word_1_31' title='bbox 619 526 656 566; x_wconf 90' lang='lat' dir='ltr'><strong>in</strong></span> <span class='ocrx_word' id='word_1_32' title='bbox 695 524 830 567; x_wconf 88' lang='lat' dir='ltr'><strong>multis</strong></span> <span class='ocrx_word' id='word_1_33' title='bbox 865 525 1124 582; x_wconf 84' lang='lat' dir='ltr'><strong>probabiliter</strong></span> <span class='ocrx_word' id='word_1_34' title='bbox 1158 525 1274 566; x_wconf 86' lang='lat' dir='ltr'><strong>factis</strong></span> <span class='ocrx_word' id='word_1_35' title='bbox 1311 516 1491 567; x_wconf 83' lang='lat' dir='ltr'><strong>versibus</strong></span> <span class='ocrx_word' id='word_1_36' title='bbox 1515 522 1598 565; x_wconf 91' lang='lat' dir='ltr'><strong>ali-</strong></span> 
     </span>
     <span class='ocr_line' id='line_1_7' title="bbox 149 587 1596 651; baseline -0.003 -15"><span class='ocrx_word' id='word_1_37' title='bbox 149 601 245 651; x_wconf 90' lang='lat' dir='ltr'><strong>quot</strong></span> <span class='ocrx_word' id='word_1_38' title='bbox 284 591 426 632; x_wconf 81' lang='lat' dir='ltr'><strong>versus</strong></span> <span class='ocrx_word' id='word_1_39' title='bbox 461 593 671 649; x_wconf 80' lang='lat' dir='ltr'><strong>scripsisse</strong></span> <span class='ocrx_word' id='word_1_40' title='bbox 708 600 815 634; x_wconf 88' lang='lat' dir='ltr'><strong>tanta</strong></span> <span class='ocrx_word' id='word_1_41' title='bbox 853 593 1039 634; x_wconf 89' lang='lat' dir='ltr'><strong>vitiorum</strong></span> <span class='ocrx_word' id='word_1_42' title='bbox 1074 593 1306 634; x_wconf 85' lang='lat' dir='ltr'><strong>enormitate</strong></span> <span class='ocrx_word' id='word_1_43' title='bbox 1340 593 1534 647; x_wconf 81' lang='lat' dir='ltr'><strong>insignes»</strong></span> <span class='ocrx_word' id='word_1_44' title='bbox 1556 587 1596 648; x_wconf 83' lang='lat'><strong>¹).</strong></span> 
     </span>
     <span class='ocr_line' id='line_1_8' title="bbox 151 655 1593 715; baseline -0.002 -13"><span class='ocrx_word' id='word_1_45' title='bbox 151 661 289 715; x_wconf 90' lang='lat' dir='ltr'><strong>ltaque</strong></span> <span class='ocrx_word' id='word_1_46' title='bbox 341 655 513 700; x_wconf 88' lang='lat' dir='ltr'><strong>librariis</strong></span> <span class='ocrx_word' id='word_1_47' title='bbox 557 666 598 699; x_wconf 88' lang='lat' dir='ltr'><strong>et</strong></span> <span class='ocrx_word' id='word_1_48' title='bbox 642 661 906 700; x_wconf 85' lang='lat' dir='ltr'><strong>recentiorum</strong></span> <span class='ocrx_word' id='word_1_49' title='bbox 949 660 1202 701; x_wconf 86' lang='lat' dir='ltr'><strong>metricorum</strong></span> <span class='ocrx_word' id='word_1_50' title='bbox 1245 658 1358 700; x_wconf 83' lang='lat' dir='ltr'><strong>malae</strong></span> <span class='ocrx_word' id='word_1_51' title='bbox 1392 656 1593 700; x_wconf 83' lang='lat' dir='ltr'><strong>sedulitati</strong></span> 
     </span>
     <span class='ocr_line' id='line_1_9' title="bbox 147 714 1595 783; baseline -0.001 -16"><span class='ocrx_word' id='word_1_52' title='bbox 147 732 310 783; x_wconf 78' lang='lat' dir='ltr'><strong>peccata</strong></span> <span class='ocrx_word' id='word_1_53' title='bbox 360 722 422 765; x_wconf 89' lang='lat' dir='ltr'><strong>illa</strong></span> <span class='ocrx_word' id='word_1_54' title='bbox 470 714 608 767; x_wconf 77' lang='lat' dir='ltr'><strong>tribuit</strong></span> <span class='ocrx_word' id='word_1_55' title='bbox 651 734 692 767; x_wconf 91' lang='lat' dir='ltr'><strong>et</strong></span> <span class='ocrx_word' id='word_1_56' title='bbox 738 739 879 766; x_wconf 87' lang='lat' dir='ltr'><strong>versus</strong></span> <span class='ocrx_word' id='word_1_57' title='bbox 914 723 1154 783; x_wconf 87' lang='lat' dir='ltr'><strong>depravatos</strong></span> <span class='ocrx_word' id='word_1_58' title='bbox 1188 719 1468 779; x_wconf 54' lang='lat' dir='ltr'><strong>emendaviffl).</strong></span> <span class='ocrx_word' id='word_1_59' title='bbox 1538 719 1595 766; x_wconf 73' lang='lat' dir='ltr'><strong>Ac</strong></span> 
     </span>
     <span class='ocr_line' id='line_1_10' title="bbox 148 789 1592 863; baseline -0.001 -31"><span class='ocrx_word' id='word_1_60' title='bbox 148 790 323 863; x_wconf 82' lang='lat' dir='ltr'><strong>profecto</strong></span> <span class='ocrx_word' id='word_1_61' title='bbox 367 790 398 831; x_wconf 88' lang='lat' dir='ltr'><strong>si</strong></span> <span class='ocrx_word' id='word_1_62' title='bbox 443 790 502 832; x_wconf 86' lang='lat' dir='ltr'><strong>his</strong></span> <span class='ocrx_word' id='word_1_63' title='bbox 545 789 758 848; x_wconf 89' lang='lat' dir='ltr'><strong>quidquam</strong></span> <span class='ocrx_word' id='word_1_64' title='bbox 796 792 832 832; x_wconf 93' lang='lat' dir='ltr'><strong>in</strong></span> <span class='ocrx_word' id='word_1_65' title='bbox 870 790 935 832; x_wconf 89' lang='lat' dir='ltr'><strong>tali</strong></span> <span class='ocrx_word' id='word_1_66' title='bbox 972 803 1088 832; x_wconf 88' lang='lat' dir='ltr'><strong>causa</strong></span> <span class='ocrx_word' id='word_1_67' title='bbox 1128 790 1382 834; x_wconf 88' lang='lat' dir='ltr'><strong>tribuendum</strong></span> <span class='ocrx_word' id='word_1_68' title='bbox 1418 798 1502 842; x_wconf 85' lang='lat' dir='ltr'><strong>est,</strong></span> <span class='ocrx_word' id='word_1_69' title='bbox 1557 790 1592 831; x_wconf 91' lang='lat' dir='ltr'><strong>id</strong></span> 
     </span>
     <span class='ocr_line' id='line_1_11' title="bbox 148 854 1596 914; baseline 0.001 -17"><span class='ocrx_word' id='word_1_70' title='bbox 148 857 186 897; x_wconf 90' lang='lat' dir='ltr'><strong>in</strong></span> <span class='ocrx_word' id='word_1_71' title='bbox 222 854 298 898; x_wconf 89' lang='lat' dir='ltr'><strong>fine</strong></span> <span class='ocrx_word' id='word_1_72' title='bbox 338 854 560 898; x_wconf 85' lang='lat' dir='ltr'><strong>fabularum</strong></span> <span class='ocrx_word' id='word_1_73' title='bbox 604 858 753 914; x_wconf 89' lang='lat' dir='ltr'><strong>optimo</strong></span> <span class='ocrx_word' id='word_1_74' title='bbox 787 856 876 912; x_wconf 90' lang='lat' dir='ltr'><strong>jure</strong></span> <span class='ocrx_word' id='word_1_75' title='bbox 911 855 994 898; x_wconf 82' lang='lat' dir='ltr'><strong>fieri</strong></span> <span class='ocrx_word' id='word_1_76' title='bbox 1030 866 1180 914; x_wconf 86' lang='lat' dir='ltr'><strong>potest;</strong></span> <span class='ocrx_word' id='word_1_77' title='bbox 1227 870 1316 898; x_wconf 90' lang='lat' dir='ltr'><strong>nam</strong></span> <span class='ocrx_word' id='word_1_78' title='bbox 1354 856 1438 898; x_wconf 88' lang='lat' dir='ltr'><strong>haec</strong></span> <span class='ocrx_word' id='word_1_79' title='bbox 1475 855 1596 899; x_wconf 91' lang='lat' dir='ltr'><strong>volu-</strong></span> 
     </span>
     <span class='ocr_line' id='line_1_12' title="bbox 146 922 1594 979; baseline 0.001 -16"><span class='ocrx_word' id='word_1_80' title='bbox 146 924 295 963; x_wconf 88' lang='lat' dir='ltr'><strong>minum</strong></span> <span class='ocrx_word' id='word_1_81' title='bbox 335 935 426 977; x_wconf 88' lang='lat' dir='ltr'><strong>pars</strong></span> <span class='ocrx_word' id='word_1_82' title='bbox 462 924 588 976; x_wconf 86' lang='lat' dir='ltr'><strong>magis</strong></span> <span class='ocrx_word' id='word_1_83' title='bbox 628 931 850 979; x_wconf 89' lang='lat' dir='ltr'><strong>temporum</strong></span> <span class='ocrx_word' id='word_1_84' title='bbox 887 923 1036 978; x_wconf 84' lang='lat' dir='ltr'><strong>injuriis</strong></span> <span class='ocrx_word' id='word_1_85' title='bbox 1080 922 1265 973; x_wconf 82' lang='lat' dir='ltr'><strong>obnoxia,</strong></span> <span class='ocrx_word' id='word_1_86' title='bbox 1310 923 1460 964; x_wconf 89' lang='lat' dir='ltr'><strong>etiamsi</strong></span> <span class='ocrx_word' id='word_1_87' title='bbox 1496 922 1594 964; x_wconf 92' lang='lat' dir='ltr'><strong>dili-</strong></span> 
     </span>
     <span class='ocr_line' id='line_1_13' title="bbox 146 976 1592 1046; baseline 0.001 -16"><span class='ocrx_word' id='word_1_88' title='bbox 146 995 284 1043; x_wconf 86' lang='lat' dir='ltr'><strong>genter</strong></span> <span class='ocrx_word' id='word_1_89' title='bbox 309 985 624 1042; x_wconf 83' lang='lat' dir='ltr'><strong>describeretur,</strong></span> <span class='ocrx_word' id='word_1_90' title='bbox 658 990 803 1031; x_wconf 83' lang='lat' dir='ltr'><strong>cete-ris</strong></span> <span class='ocrx_word' id='word_1_91' title='bbox 840 989 1049 1046; x_wconf 87' lang='lat' dir='ltr'><strong>proclivior</strong></span> <span class='ocrx_word' id='word_1_92' title='bbox 1084 998 1168 1031; x_wconf 88' lang='lat' dir='ltr'><strong>erat</strong></span> <span class='ocrx_word' id='word_1_93' title='bbox 1203 988 1252 1031; x_wconf 88' lang='lat' dir='ltr'><strong>ad</strong></span> <span class='ocrx_word' id='word_1_94' title='bbox 1288 1003 1461 1031; x_wconf 85' lang='lat' dir='ltr'><strong>errorem</strong></span> <span class='ocrx_word' id='word_1_95' title='bbox 1489 976 1592 1031; x_wconf 85' lang='lat' dir='ltr'><strong>faci-</strong></span> 
     </span>
     <span class='ocr_line' id='line_1_14' title="bbox 144 1053 1590 1111; baseline 0 -16"><span class='ocrx_word' id='word_1_96' title='bbox 144 1053 306 1106; x_wconf 89' lang='lat' dir='ltr'><strong>endam,</strong></span> <span class='ocrx_word' id='word_1_97' title='bbox 354 1062 396 1095; x_wconf 93' lang='lat' dir='ltr'><strong>ut</strong></span> <span class='ocrx_word' id='word_1_98' title='bbox 433 1053 494 1096; x_wconf 88' lang='lat' dir='ltr'><strong>vel</strong></span> <span class='ocrx_word' id='word_1_99' title='bbox 533 1055 780 1111; x_wconf 72' lang='lat' dir='ltr'><strong>negligentiae</strong></span> <span class='ocrx_word' id='word_1_100' title='bbox 817 1057 962 1096; x_wconf 90' lang='lat' dir='ltr'><strong>crimen</strong></span> <span class='ocrx_word' id='word_1_101' title='bbox 994 1054 1050 1096; x_wconf 88' lang='lat' dir='ltr'><strong>ab</strong></span> <span class='ocrx_word' id='word_1_102' title='bbox 1087 1057 1236 1097; x_wconf 80' lang='lat' dir='ltr'><strong>inscitia</strong></span> <span class='ocrx_word' id='word_1_103' title='bbox 1276 1064 1444 1096; x_wconf 86' lang='lat' dir='ltr'><strong>avertat.</strong></span> <span class='ocrx_word' id='word_1_104' title='bbox 1513 1054 1590 1097; x_wconf 89' lang='lat' dir='ltr'><strong>Sed</strong></span> 
     </span>
     <span class='ocr_line' id='line_1_15' title="bbox 145 1119 1588 1179; baseline 0.001 -17"><span class='ocrx_word' id='word_1_105' title='bbox 145 1119 419 1172; x_wconf 73' lang='lat' dir='ltr'><strong>Romaanus,</strong></span> <span class='ocrx_word' id='word_1_106' title='bbox 471 1136 594 1179; x_wconf 88' lang='lat' dir='ltr'><strong>quum</strong></span> <span class='ocrx_word' id='word_1_107' title='bbox 647 1123 806 1164; x_wconf 77' lang='lat' dir='ltr'><strong>vitiosos</strong></span> <span class='ocrx_word' id='word_1_108' title='bbox 862 1135 1003 1164; x_wconf 83' lang='lat' dir='ltr'><strong>versus</strong></span> <span class='ocrx_word' id='word_1_109' title='bbox 1055 1121 1306 1173; x_wconf 78' lang='lat' dir='ltr'><strong>emendaret,</strong></span> <span class='ocrx_word' id='word_1_110' title='bbox 1356 1124 1442 1163; x_wconf 83' lang='lat' dir='ltr'><strong>sive</strong></span> <span class='ocrx_word' id='word_1_111' title='bbox 1485 1122 1588 1179; x_wconf 87' lang='lat' dir='ltr'><strong>quod</strong></span> 
     </span>
     <span class='ocr_line' id='line_1_16' title="bbox 142 1187 1589 1246; baseline 0.001 -19"><span class='ocrx_word' id='word_1_112' title='bbox 142 1187 180 1227; x_wconf 91' lang='lat' dir='ltr'><strong>in</strong></span> <span class='ocrx_word' id='word_1_113' title='bbox 226 1195 336 1228; x_wconf 88' lang='lat' dir='ltr'><strong>tanta</strong></span> <span class='ocrx_word' id='word_1_114' title='bbox 386 1196 427 1228; x_wconf 92' lang='lat' dir='ltr'><strong>et</strong></span> <span class='ocrx_word' id='word_1_115' title='bbox 471 1196 550 1229; x_wconf 89' lang='lat' dir='ltr'><strong>tam</strong></span> <span class='ocrx_word' id='word_1_116' title='bbox 596 1189 706 1243; x_wconf 81' lang='lat' dir='ltr'><strong>gravi</strong></span> <span class='ocrx_word' id='word_1_117' title='bbox 751 1187 1034 1246; x_wconf 77' lang='lat' dir='ltr'><strong>depravatione</strong></span> <span class='ocrx_word' id='word_1_118' title='bbox 1081 1188 1266 1244; x_wconf 83' lang='lat' dir='ltr'><strong>majorem</strong></span> <span class='ocrx_word' id='word_1_119' title='bbox 1303 1187 1387 1229; x_wconf 92' lang='lat' dir='ltr'><strong>dari</strong></span> <span class='ocrx_word' id='word_1_120' title='bbox 1423 1187 1589 1244; x_wconf 83' lang='lat' dir='ltr'><strong>putabat</strong></span> 
     </span>
     <span class='ocr_line' id='line_1_17' title="bbox 146 1251 1586 1311; baseline 0 -17"><span class='ocrx_word' id='word_1_121' title='bbox 146 1251 368 1302; x_wconf 87' lang='lat' dir='ltr'><strong>libertatem</strong></span> <span class='ocrx_word' id='word_1_122' title='bbox 401 1253 536 1309; x_wconf 86' lang='lat' dir='ltr'><strong>judicii</strong></span> <span class='ocrx_word' id='word_1_123' title='bbox 569 1257 656 1296; x_wconf 89' lang='lat' dir='ltr'><strong>sive</strong></span> <span class='ocrx_word' id='word_1_124' title='bbox 680 1253 785 1311; x_wconf 93' lang='lat' dir='ltr'><strong>quod</strong></span> <span class='ocrx_word' id='word_1_125' title='bbox 811 1256 847 1296; x_wconf 90' lang='lat' dir='ltr'><strong>in</strong></span> <span class='ocrx_word' id='word_1_126' title='bbox 876 1254 1026 1297; x_wconf 83' lang='lat' dir='ltr'><strong>fraudis</strong></span> <span class='ocrx_word' id='word_1_127' title='bbox 1051 1265 1249 1297; x_wconf 77' lang='lat' dir='ltr'><strong>auctorem</strong></span> <span class='ocrx_word' id='word_1_128' title='bbox 1281 1269 1354 1296; x_wconf 90' lang='lat' dir='ltr'><strong>non</strong></span> <span class='ocrx_word' id='word_1_129' title='bbox 1375 1253 1586 1296; x_wconf 83' lang='lat' dir='ltr'><strong>admodum</strong></span> 
     </span>
     <span class='ocr_line' id='line_1_18' title="bbox 143 1318 1588 1379; baseline 0.001 -19"><span class='ocrx_word' id='word_1_130' title='bbox 143 1318 321 1375; x_wconf 83' lang='lat' dir='ltr'><strong>religiose</strong></span> <span class='ocrx_word' id='word_1_131' title='bbox 358 1320 642 1363; x_wconf 88' lang='lat' dir='ltr'><strong>consulendum</strong></span> <span class='ocrx_word' id='word_1_132' title='bbox 681 1319 954 1373; x_wconf 82' lang='lat' dir='ltr'><strong>existimabat,</strong></span> <span class='ocrx_word' id='word_1_133' title='bbox 991 1329 1032 1363; x_wconf 87' lang='lat' dir='ltr'><strong>et</strong></span> <span class='ocrx_word' id='word_1_134' title='bbox 1065 1320 1301 1372; x_wconf 82' lang='lat' dir='ltr'><strong>acrioribus,</strong></span> <span class='ocrx_word' id='word_1_135' title='bbox 1337 1334 1456 1379; x_wconf 82' lang='lat' dir='ltr'><strong>quam</strong></span> <span class='ocrx_word' id='word_1_136' title='bbox 1489 1334 1588 1377; x_wconf 90' lang='lat' dir='ltr'><strong>opus</strong></span> 
     </span>
     <span class='ocr_line' id='line_1_19' title="bbox 140 1386 1588 1444; baseline 0 -19"><span class='ocrx_word' id='word_1_137' title='bbox 140 1393 248 1440; x_wconf 82' lang='lat' dir='ltr'><strong>erat,</strong></span> <span class='ocrx_word' id='word_1_138' title='bbox 284 1386 465 1428; x_wconf 83' lang='lat' dir='ltr'><strong>remediis</strong></span> <span class='ocrx_word' id='word_1_139' title='bbox 501 1401 598 1429; x_wconf 88' lang='lat' dir='ltr'><strong>usus</strong></span> <span class='ocrx_word' id='word_1_140' title='bbox 623 1396 684 1428; x_wconf 89' lang='lat' dir='ltr'><strong>est</strong></span> <span class='ocrx_word' id='word_1_141' title='bbox 713 1394 753 1428; x_wconf 87' lang='lat' dir='ltr'><strong>et</strong></span> <span class='ocrx_word' id='word_1_142' title='bbox 779 1400 823 1429; x_wconf 92' lang='lat' dir='ltr'><strong>ea</strong></span> <span class='ocrx_word' id='word_1_143' title='bbox 852 1389 1042 1440; x_wconf 90' lang='lat' dir='ltr'><strong>mutavit,</strong></span> <span class='ocrx_word' id='word_1_144' title='bbox 1077 1401 1188 1444; x_wconf 83' lang='lat' dir='ltr'><strong>quae,</strong></span> <span class='ocrx_word' id='word_1_145' title='bbox 1226 1390 1298 1429; x_wconf 86' lang='lat' dir='ltr'><strong>etsi</strong></span> <span class='ocrx_word' id='word_1_146' title='bbox 1321 1389 1449 1428; x_wconf 89' lang='lat' dir='ltr'><strong>minus</strong></span> <span class='ocrx_word' id='word_1_147' title='bbox 1477 1387 1588 1437; x_wconf 76' lang='lat' dir='ltr'><strong>bona,</strong></span> 
     </span>
     <span class='ocr_line' id='line_1_20' title="bbox 141 1451 1587 1511; baseline 0 -19"><span class='ocrx_word' id='word_1_148' title='bbox 141 1451 341 1509; x_wconf 89' lang='lat' dir='ltr'><strong>Euripidis</strong></span> <span class='ocrx_word' id='word_1_149' title='bbox 369 1461 454 1494; x_wconf 89' lang='lat' dir='ltr'><strong>arte</strong></span> <span class='ocrx_word' id='word_1_150' title='bbox 481 1462 609 1496; x_wconf 87' lang='lat' dir='ltr'><strong>tamen</strong></span> <span class='ocrx_word' id='word_1_151' title='bbox 636 1466 710 1494; x_wconf 91' lang='lat' dir='ltr'><strong>non</strong></span> <span class='ocrx_word' id='word_1_152' title='bbox 739 1462 873 1495; x_wconf 88' lang='lat' dir='ltr'><strong>essent</strong></span> <span class='ocrx_word' id='word_1_153' title='bbox 902 1452 1067 1511; x_wconf 83' lang='lat' dir='ltr'><strong>indigna.</strong></span> <span class='ocrx_word' id='word_1_154' title='bbox 1113 1454 1247 1511; x_wconf 82' lang='lat' dir='ltr'><strong>Atque</strong></span> <span class='ocrx_word' id='word_1_155' title='bbox 1269 1454 1342 1496; x_wconf 88' lang='lat' dir='ltr'><strong>-bic</strong></span> <span class='ocrx_word' id='word_1_156' title='bbox 1378 1452 1455 1494; x_wconf 91' lang='lat' dir='ltr'><strong>illic</strong></span> <span class='ocrx_word' id='word_1_157' title='bbox 1492 1454 1587 1510; x_wconf 90' lang='lat' dir='ltr'><strong>qni-</strong></span> 
     </span>
     <span class='ocr_line' id='line_1_21' title="bbox 138 1516 1584 1577; baseline -0.001 -18"><span class='ocrx_word' id='word_1_158' title='bbox 138 1516 229 1559; x_wconf 87' lang='lat' dir='ltr'><strong>dem</strong></span> <span class='ocrx_word' id='word_1_159' title='bbox 266 1533 370 1561; x_wconf 90' lang='lat' dir='ltr'><strong>nunc</strong></span> <span class='ocrx_word' id='word_1_160' title='bbox 405 1519 519 1561; x_wconf 86' lang='lat' dir='ltr'><strong>deest</strong></span> <span class='ocrx_word' id='word_1_161' title='bbox 554 1518 706 1575; x_wconf 89' lang='lat' dir='ltr'><strong>syllaba</strong></span> <span class='ocrx_word' id='word_1_162' title='bbox 746 1523 880 1561; x_wconf 85' lang='lat' dir='ltr'><strong>versui</strong></span> <span class='ocrx_word' id='word_1_163' title='bbox 915 1535 1019 1561; x_wconf 88' lang='lat' dir='ltr'><strong>nuuc</strong></span> <span class='ocrx_word' id='word_1_164' title='bbox 1042 1529 1243 1577; x_wconf 83' lang='lat' dir='ltr'><strong>superest:</strong></span> <span class='ocrx_word' id='word_1_165' title='bbox 1277 1521 1465 1576; x_wconf 85' lang='lat' dir='ltr'><strong>anapaesti</strong></span> <span class='ocrx_word' id='word_1_166' title='bbox 1491 1528 1584 1560; x_wconf 89' lang='lat' dir='ltr'><strong>sunt</strong></span> 
     </span>
     <span class='ocr_line' id='line_1_22' title="bbox 140 1583 1584 1641; baseline 0.001 -17"><span class='ocrx_word' id='word_1_167' title='bbox 140 1585 178 1624; x_wconf 87' lang='lat' dir='ltr'><strong>iu</strong></span> <span class='ocrx_word' id='word_1_168' title='bbox 224 1583 353 1627; x_wconf 84' lang='lat' dir='ltr'><strong>loc-um</strong></span> <span class='ocrx_word' id='word_1_169' title='bbox 398 1599 472 1626; x_wconf 92' lang='lat' dir='ltr'><strong>non</strong></span> <span class='ocrx_word' id='word_1_170' title='bbox 514 1599 631 1627; x_wconf 91' lang='lat' dir='ltr'><strong>suum</strong></span> <span class='ocrx_word' id='word_1_171' title='bbox 677 1584 882 1638; x_wconf 82' lang='lat' dir='ltr'><strong>inculcati,</strong></span> <span class='ocrx_word' id='word_1_172' title='bbox 933 1584 1006 1627; x_wconf 90' lang='lat' dir='ltr'><strong>alia</strong></span> <span class='ocrx_word' id='word_1_173' title='bbox 1050 1588 1258 1627; x_wconf 89' lang='lat' dir='ltr'><strong>commissa</strong></span> <span class='ocrx_word' id='word_1_174' title='bbox 1306 1584 1446 1635; x_wconf 86' lang='lat' dir='ltr'><strong>multa,</strong></span> <span class='ocrx_word' id='word_1_175' title='bbox 1493 1597 1584 1641; x_wconf 85' lang='lat' dir='ltr'><strong>quae</strong></span> 
     </span>
     <span class='ocr_line' id='line_1_23' title="bbox 140 1649 1581 1710; baseline -0.001 -19"><span class='ocrx_word' id='word_1_176' title='bbox 140 1649 360 1693; x_wconf 86' lang='lat' dir='ltr'><strong>cumulavit</strong></span> <span class='ocrx_word' id='word_1_177' title='bbox 397 1651 640 1694; x_wconf 85' lang='lat' dir='ltr'><strong>Mattbiaeus:</strong></span> <span class='ocrx_word' id='word_1_178' title='bbox 682 1665 773 1710; x_wconf 86' lang='lat' dir='ltr'><strong>quae</strong></span> <span class='ocrx_word' id='word_1_179' title='bbox 810 1660 939 1694; x_wconf 89' lang='lat' dir='ltr'><strong>tamen</strong></span> <span class='ocrx_word' id='word_1_180' title='bbox 976 1666 1097 1709; x_wconf 92' lang='lat' dir='ltr'><strong>quum</strong></span> <span class='ocrx_word' id='word_1_181' title='bbox 1137 1653 1331 1693; x_wconf 87' lang='lat' dir='ltr'><strong>immerito</strong></span> <span class='ocrx_word' id='word_1_182' title='bbox 1366 1650 1581 1707; x_wconf 81' lang='lat' dir='ltr'><strong>subjectoii</strong></span> 
     </span>
     <span class='ocr_line' id='line_1_24' title="bbox 139 1704 1581 1775; baseline 0 -18"><span class='ocrx_word' id='word_1_183' title='bbox 139 1704 256 1759; x_wconf 82' lang='lat' dir='ltr'><strong>tribui</strong></span> <span class='ocrx_word' id='word_1_184' title='bbox 288 1726 493 1774; x_wconf 90' lang='lat' dir='ltr'><strong>putemus,</strong></span> <span class='ocrx_word' id='word_1_185' title='bbox 528 1718 577 1759; x_wconf 91' lang='lat' dir='ltr'><strong>de</strong></span> <span class='ocrx_word' id='word_1_186' title='bbox 614 1720 659 1759; x_wconf 88' lang='lat' dir='ltr'><strong>iis</strong></span> <span class='ocrx_word' id='word_1_187' title='bbox 697 1719 799 1760; x_wconf 86' lang='lat' dir='ltr'><strong>vitiis</strong></span> <span class='ocrx_word' id='word_1_188' title='bbox 827 1717 1070 1770; x_wconf 86' lang='lat' dir='ltr'><strong>videbimus,</strong></span> <span class='ocrx_word' id='word_1_189' title='bbox 1107 1732 1196 1775; x_wconf 85' lang='lat' dir='ltr'><strong>quae</strong></span> <span class='ocrx_word' id='word_1_190' title='bbox 1221 1733 1294 1759; x_wconf 91' lang='lat' dir='ltr'><strong>non</strong></span> <span class='ocrx_word' id='word_1_191' title='bbox 1314 1719 1426 1758; x_wconf 84' lang='lat' dir='ltr'><strong>nimis</strong></span> <span class='ocrx_word' id='word_1_192' title='bbox 1446 1724 1581 1772; x_wconf 67' lang='lat' dir='ltr'><strong>aperta</strong></span> 
     </span>
     <span class='ocr_line' id='line_1_25' title="bbox 138 1782 1580 1842; baseline -0.002 -17"><span class='ocrx_word' id='word_1_193' title='bbox 138 1790 259 1841; x_wconf 87' lang='lat' dir='ltr'><strong>atque</strong></span> <span class='ocrx_word' id='word_1_194' title='bbox 272 1785 399 1842; x_wconf 85' lang='lat' dir='ltr'><strong>turpia</strong></span> <span class='ocrx_word' id='word_1_195' title='bbox 419 1785 455 1826; x_wconf 89' lang='lat' dir='ltr'><strong>in</strong></span> <span class='ocrx_word' id='word_1_196' title='bbox 472 1783 577 1827; x_wconf 89' lang='lat' dir='ltr'><strong>bunc</strong></span> <span class='ocrx_word' id='word_1_197' title='bbox 592 1784 761 1826; x_wconf 88' lang='lat' dir='ltr'><strong>eundem</strong></span> <span class='ocrx_word' id='word_1_198' title='bbox 777 1783 905 1842; x_wconf 83' lang='lat' dir='ltr'><strong>aliqua</strong></span> <span class='ocrx_word' id='word_1_199' title='bbox 922 1798 1012 1827; x_wconf 91' lang='lat' dir='ltr'><strong>cum</strong></span> <span class='ocrx_word' id='word_1_200' title='bbox 1031 1783 1298 1842; x_wconf 83' lang='lat' dir='ltr'><strong>probabilitate</strong></span> <span class='ocrx_word' id='word_1_201' title='bbox 1314 1782 1580 1826; x_wconf 76' lang='lat' dir='ltr'><strong>conferuntui.</strong></span> 
     </span>
    </p>

    <p class='ocr_par' dir='ltr' id='par_1_3' title="bbox 137 1850 1581 1974">
     <span class='ocr_line' id='line_1_26' title="bbox 239 1850 1579 1908; baseline -0.003 -17"><span class='ocrx_word' id='word_1_202' title='bbox 239 1852 295 1891; x_wconf 86' lang='lat' dir='ltr'><strong>Ac</strong></span> <span class='ocrx_word' id='word_1_203' title='bbox 345 1850 582 1892; x_wconf 89' lang='lat' dir='ltr'><strong>solutionum</strong></span> <span class='ocrx_word' id='word_1_204' title='bbox 634 1851 889 1892; x_wconf 83' lang='lat' dir='ltr'><strong>crebritatem</strong></span> <span class='ocrx_word' id='word_1_205' title='bbox 939 1866 1062 1908; x_wconf 90' lang='lat' dir='ltr'><strong>quum</strong></span> <span class='ocrx_word' id='word_1_206' title='bbox 1115 1851 1282 1892; x_wconf 86' lang='lat' dir='ltr'><strong>nonnulli</strong></span> <span class='ocrx_word' id='word_1_207' title='bbox 1326 1850 1579 1905; x_wconf 72' lang='lat' dir='ltr'><strong>objecissent,</strong></span> 
     </span>
     <span class='ocr_line' id='line_1_27' title="bbox 137 1915 1581 1974; baseline -0.001 -17"><span class='ocrx_word' id='word_1_208' title='bbox 137 1915 425 1968; x_wconf 86' lang='lat' dir='ltr'><strong>Firnbaberus‚</strong></span> <span class='ocrx_word' id='word_1_209' title='bbox 464 1919 756 1972; x_wconf 86' lang='lat' dir='ltr'><strong>comparatione</strong></span> <span class='ocrx_word' id='word_1_210' title='bbox 793 1917 1005 1974; x_wconf 80' lang='lat' dir='ltr'><strong>Iphigeniae</strong></span> <span class='ocrx_word' id='word_1_211' title='bbox 1042 1917 1263 1960; x_wconf 82' lang='lat' dir='ltr'><strong>Aulidensis</strong></span> <span class='ocrx_word' id='word_1_212' title='bbox 1294 1931 1383 1960; x_wconf 91' lang='lat' dir='ltr'><strong>cum</strong></span> <span class='ocrx_word' id='word_1_213' title='bbox 1415 1915 1581 1957; x_wconf 73' lang='lat' dir='ltr'><strong>Bacchis</strong></span> 
     </span>
    </p>
   </div>
   <div class='ocr_carea' id='block_1_3' title="bbox 135 2038 1580 2362">
    <p class='ocr_par' dir='ltr' id='par_1_4' title="bbox 135 2038 1580 2362">
     <span class='ocr_line' id='line_1_28' title="bbox 229 2038 1580 2092; baseline 0.005 -17"><span class='ocrx_word' id='word_1_214' title='bbox 229 2038 254 2081; x_wconf 92' lang='lat'><strong>¹)</strong></span> <span class='ocrx_word' id='word_1_215' title='bbox 284 2039 369 2076; x_wconf 85' lang='lat' dir='ltr'><strong>Vide</strong></span> <span class='ocrx_word' id='word_1_216' title='bbox 398 2041 496 2077; x_wconf 80' lang='lat' dir='ltr'><strong>Praef.</strong></span> <span class='ocrx_word' id='word_1_217' title='bbox 525 2053 557 2088; x_wconf 91' lang='lat' dir='ltr'><strong>p.</strong></span> <span class='ocrx_word' id='word_1_218' title='bbox 585 2042 699 2079; x_wconf 85' lang='lat' dir='ltr'><strong>XXII.</strong></span> <span class='ocrx_word' id='word_1_219' title='bbox 755 2043 865 2091; x_wconf 80' lang='lat' dir='ltr'><strong>Hujus</strong></span> <span class='ocrx_word' id='word_1_220' title='bbox 893 2046 940 2080; x_wconf 91' lang='lat' dir='ltr'><strong>rei</strong></span> <span class='ocrx_word' id='word_1_221' title='bbox 968 2056 1103 2081; x_wconf 86' lang='lat' dir='ltr'><strong>causam</strong></span> <span class='ocrx_word' id='word_1_222' title='bbox 1135 2047 1329 2092; x_wconf 84' lang='lat' dir='ltr'><strong>Hartungus</strong></span> <span class='ocrx_word' id='word_1_223' title='bbox 1357 2058 1389 2092; x_wconf 89' lang='lat' dir='ltr'><strong>p.</strong></span> <span class='ocrx_word' id='word_1_224' title='bbox 1407 2049 1482 2082; x_wconf 86' lang='lat'><strong>275</strong></span> <span class='ocrx_word' id='word_1_225' title='bbox 1506 2057 1580 2082; x_wconf 89' lang='lat' dir='ltr'><strong>eam</strong></span> 
     </span>
     <span class='ocr_line' id='line_1_29' title="bbox 136 2095 1580 2146; baseline 0.006 -19"><span class='ocrx_word' id='word_1_226' title='bbox 136 2103 209 2128; x_wconf 88' lang='lat' dir='ltr'><strong>esse</strong></span> <span class='ocrx_word' id='word_1_227' title='bbox 237 2095 337 2138; x_wconf 86' lang='lat' dir='ltr'><strong>dicit,</strong></span> <span class='ocrx_word' id='word_1_228' title='bbox 374 2096 464 2142; x_wconf 90' lang='lat' dir='ltr'><strong>quod</strong></span> <span class='ocrx_word' id='word_1_229' title='bbox 495 2097 734 2143; x_wconf 85' lang='lat' dir='ltr'><strong>interpolator,</strong></span> <span class='ocrx_word' id='word_1_230' title='bbox 769 2109 876 2145; x_wconf 88' lang='lat' dir='ltr'><strong>quum</strong></span> <span class='ocrx_word' id='word_1_231' title='bbox 906 2099 1055 2135; x_wconf 75' lang='lat' dir='ltr'><strong>Hecubae</strong></span> <span class='ocrx_word' id='word_1_232' title='bbox 1085 2101 1140 2135; x_wconf 88' lang='lat' dir='ltr'><strong>illo</strong></span> <span class='ocrx_word' id='word_1_233' title='bbox 1169 2101 1240 2136; x_wconf 92' lang='lat' dir='ltr'><strong>loco</strong></span> <span class='ocrx_word' id='word_1_234' title='bbox 1270 2112 1336 2136; x_wconf 91' lang='lat' dir='ltr'><strong>non</strong></span> <span class='ocrx_word' id='word_1_235' title='bbox 1368 2106 1479 2146; x_wconf 87' lang='lat' dir='ltr'><strong>posset</strong></span> <span class='ocrx_word' id='word_1_236' title='bbox 1510 2103 1580 2146; x_wconf 87' lang='lat' dir='ltr'><strong>uti,</strong></span> 
     </span>
     <span class='ocr_line' id='line_1_30' title="bbox 138 2147 1576 2202; baseline 0.007 -21"><span class='ocrx_word' id='word_1_237' title='bbox 138 2147 241 2192; x_wconf 89' lang='lat' dir='ltr'><strong>ipsius</strong></span> <span class='ocrx_word' id='word_1_238' title='bbox 268 2154 396 2196; x_wconf 87' lang='lat' dir='ltr'><strong>artem,</strong></span> <span class='ocrx_word' id='word_1_239' title='bbox 432 2151 542 2197; x_wconf 88' lang='lat' dir='ltr'><strong>qualis</strong></span> <span class='ocrx_word' id='word_1_240' title='bbox 570 2157 678 2199; x_wconf 85' lang='lat' dir='ltr'><strong>esset,</strong></span> <span class='ocrx_word' id='word_1_241' title='bbox 707 2153 886 2188; x_wconf 89' lang='lat' dir='ltr'><strong>ostendere</strong></span> <span class='ocrx_word' id='word_1_242' title='bbox 915 2159 1052 2189; x_wconf 88' lang='lat' dir='ltr'><strong>coactus</strong></span> <span class='ocrx_word' id='word_1_243' title='bbox 1080 2157 1131 2189; x_wconf 90' lang='lat' dir='ltr'><strong>sit.</strong></span> <span class='ocrx_word' id='word_1_244' title='bbox 1188 2155 1233 2190; x_wconf 89' lang='lat' dir='ltr'><strong>At</strong></span> <span class='ocrx_word' id='word_1_245' title='bbox 1262 2167 1374 2202; x_wconf 84' lang='lat' dir='ltr'><strong>neque</strong></span> <span class='ocrx_word' id='word_1_246' title='bbox 1403 2156 1576 2190; x_wconf 86' lang='lat' dir='ltr'><strong>Hecubam</strong></span> 
     </span>
     <span class='ocr_line' id='line_1_31' title="bbox 138 2201 1579 2256; baseline 0.006 -20"><span class='ocrx_word' id='word_1_247' title='bbox 138 2201 179 2236; x_wconf 81' lang='lat' dir='ltr'><strong>ad</strong></span> <span class='ocrx_word' id='word_1_248' title='bbox 210 2202 351 2239; x_wconf 91' lang='lat' dir='ltr'><strong>verbum</strong></span> <span class='ocrx_word' id='word_1_249' title='bbox 381 2206 558 2251; x_wconf 87' lang='lat' dir='ltr'><strong>exscripsit</strong></span> <span class='ocrx_word' id='word_1_250' title='bbox 587 2218 699 2254; x_wconf 89' lang='lat' dir='ltr'><strong>neque</strong></span> <span class='ocrx_word' id='word_1_251' title='bbox 727 2212 788 2242; x_wconf 85' lang='lat' dir='ltr'><strong>aut</strong></span> <span class='ocrx_word' id='word_1_252' title='bbox 816 2209 959 2255; x_wconf 85' lang='lat' dir='ltr'><strong>primam</strong></span> <span class='ocrx_word' id='word_1_253' title='bbox 989 2210 1110 2255; x_wconf 83' lang='lat' dir='ltr'><strong>epilogi</strong></span> <span class='ocrx_word' id='word_1_254' title='bbox 1140 2216 1268 2254; x_wconf 87' lang='lat' dir='ltr'><strong>partem</strong></span> <span class='ocrx_word' id='word_1_255' title='bbox 1299 2215 1359 2245; x_wconf 86' lang='lat' dir='ltr'><strong>aut</strong></span> <span class='ocrx_word' id='word_1_256' title='bbox 1379 2212 1579 2256; x_wconf 84' lang='lat' dir='ltr'><strong>posteriores</strong></span> 
     </span>
     <span class='ocr_line' id='line_1_32' title="bbox 135 2256 1576 2310; baseline 0.005 -19"><span class='ocrx_word' id='word_1_257' title='bbox 135 2256 250 2301; x_wconf 78' lang='lat' dir='ltr'><strong>parodi</strong></span> <span class='ocrx_word' id='word_1_258' title='bbox 286 2259 442 2305; x_wconf 84' lang='lat' dir='ltr'><strong>strophas</strong></span> <span class='ocrx_word' id='word_1_259' title='bbox 477 2265 538 2295; x_wconf 91' lang='lat' dir='ltr'><strong>aut</strong></span> <span class='ocrx_word' id='word_1_260' title='bbox 573 2272 652 2308; x_wconf 87' lang='lat' dir='ltr'><strong>quae</strong></span> <span class='ocrx_word' id='word_1_261' title='bbox 688 2262 752 2297; x_wconf 89' lang='lat' dir='ltr'><strong>alia</strong></span> <span class='ocrx_word' id='word_1_262' title='bbox 789 2263 832 2298; x_wconf 92' lang='lat' dir='ltr'><strong>ab</strong></span> <span class='ocrx_word' id='word_1_263' title='bbox 867 2264 986 2298; x_wconf 90' lang='lat' dir='ltr'><strong>eodem</strong></span> <span class='ocrx_word' id='word_1_264' title='bbox 1022 2264 1146 2310; x_wconf 89' lang='lat' dir='ltr'><strong>scripta</strong></span> <span class='ocrx_word' id='word_1_265' title='bbox 1185 2277 1258 2300; x_wconf 86' lang='lat' dir='ltr'><strong>esse</strong></span> <span class='ocrx_word' id='word_1_266' title='bbox 1294 2266 1457 2302; x_wconf 89' lang='lat' dir='ltr'><strong>dicuntur</strong></span> <span class='ocrx_word' id='word_1_267' title='bbox 1485 2266 1576 2300; x_wconf 87' lang='lat' dir='ltr'><strong>unde</strong></span> 
     </span>
     <span class='ocr_line' id='line_1_33' title="bbox 136 2308 762 2362; baseline 0.011 -17"><span class='ocrx_word' id='word_1_268' title='bbox 136 2312 357 2358; x_wconf 87' lang='lat' dir='ltr'><strong>conquisierit</strong></span> <span class='ocrx_word' id='word_1_269' title='bbox 386 2308 610 2351; x_wconf 80' lang='lat' dir='ltr'><strong>demonstrari</strong></span> <span class='ocrx_word' id='word_1_270' title='bbox 640 2317 762 2362; x_wconf 90' lang='lat' dir='ltr'><strong>potuit.</strong></span> 
     </span>
    </p>
   </div>
   <div class='ocr_carea' id='block_1_4' title="bbox 131 2372 1576 2648">
    <p class='ocr_par' dir='ltr' id='par_1_5' title="bbox 132 2372 1576 2648">
     <span class='ocr_line' id='line_1_34' title="bbox 220 2372 1576 2430; baseline 0.004 -17"><span class='ocrx_word' id='word_1_271' title='bbox 220 2372 254 2419; x_wconf 81' lang='lat'><strong>²)</strong></span> <span class='ocrx_word' id='word_1_272' title='bbox 284 2378 472 2426; x_wconf 87' lang='lat' dir='ltr'><strong>Porsonus,</strong></span> <span class='ocrx_word' id='word_1_273' title='bbox 513 2380 614 2426; x_wconf 88' lang='lat' dir='ltr'><strong>cujus</strong></span> <span class='ocrx_word' id='word_1_274' title='bbox 657 2382 776 2417; x_wconf 85' lang='lat' dir='ltr'><strong>eadem</strong></span> <span class='ocrx_word' id='word_1_275' title='bbox 811 2382 881 2418; x_wconf 79' lang='lat' dir='ltr'><strong>fere</strong></span> <span class='ocrx_word' id='word_1_276' title='bbox 916 2387 988 2418; x_wconf 90' lang='lat' dir='ltr'><strong>erat</strong></span> <span class='ocrx_word' id='word_1_277' title='bbox 1023 2383 1066 2419; x_wconf 89' lang='lat' dir='ltr'><strong>de</strong></span> <span class='ocrx_word' id='word_1_278' title='bbox 1102 2384 1339 2430; x_wconf 86' lang='lat' dir='ltr'><strong>interpolatore</strong></span> <span class='ocrx_word' id='word_1_279' title='bbox 1374 2386 1576 2419; x_wconf 76' lang='lat' dir='ltr'><strong>existimatio</strong></span> 
     </span>
     <span class='ocr_line' id='line_1_35' title="bbox 132 2428 1574 2485; baseline 0.007 -21"><span class='ocrx_word' id='word_1_280' title='bbox 132 2428 278 2466; x_wconf 85' lang='lat' dir='ltr'><strong>similem</strong></span> <span class='ocrx_word' id='word_1_281' title='bbox 314 2434 480 2469; x_wconf 84' lang='lat' dir='ltr'><strong>rationem</strong></span> <span class='ocrx_word' id='word_1_282' title='bbox 517 2436 626 2470; x_wconf 85' lang='lat' dir='ltr'><strong>fuerat</strong></span> <span class='ocrx_word' id='word_1_283' title='bbox 659 2440 819 2482; x_wconf 82' lang='lat' dir='ltr'><strong>secutus3</strong></span> <span class='ocrx_word' id='word_1_284' title='bbox 860 2447 1067 2484; x_wconf 87' lang='lat' dir='ltr'><strong>quamquam</strong></span> <span class='ocrx_word' id='word_1_285' title='bbox 1105 2438 1156 2473; x_wconf 87' lang='lat' dir='ltr'><strong>hie</strong></span> <span class='ocrx_word' id='word_1_286' title='bbox 1184 2440 1320 2485; x_wconf 87' lang='lat' dir='ltr'><strong>quidem</strong></span> <span class='ocrx_word' id='word_1_287' title='bbox 1357 2449 1474 2484; x_wconf 89' lang='lat' dir='ltr'><strong>parum</strong></span> <span class='ocrx_word' id='word_1_288' title='bbox 1510 2439 1574 2474; x_wconf 89' lang='lat' dir='ltr'><strong>sibi</strong></span> 
     </span>
     <span class='ocr_line' id='line_1_36' title="bbox 134 2485 1576 2538; baseline 0.007 -20"><span class='ocrx_word' id='word_1_289' title='bbox 134 2485 328 2532; x_wconf 80' lang='lat' dir='ltr'><strong>constabat,</strong></span> <span class='ocrx_word' id='word_1_290' title='bbox 357 2489 429 2533; x_wconf 87' lang='lat' dir='ltr'><strong>qui,</strong></span> <span class='ocrx_word' id='word_1_291' title='bbox 457 2500 566 2535; x_wconf 90' lang='lat' dir='ltr'><strong>quum</strong></span> <span class='ocrx_word' id='word_1_292' title='bbox 595 2491 830 2535; x_wconf 83' lang='lat' dir='ltr'><strong>exquisitiores</strong></span> <span class='ocrx_word' id='word_1_293' title='bbox 857 2493 1001 2528; x_wconf 78' lang='lat' dir='ltr'><strong>trimetri</strong></span> <span class='ocrx_word' id='word_1_294' title='bbox 1030 2494 1148 2537; x_wconf 87' lang='lat' dir='ltr'><strong>tragici</strong></span> <span class='ocrx_word' id='word_1_295' title='bbox 1179 2494 1269 2538; x_wconf 80' lang='lat' dir='ltr'><strong>leges</strong></span> <span class='ocrx_word' id='word_1_296' title='bbox 1297 2493 1341 2528; x_wconf 92' lang='lat' dir='ltr'><strong>illi</strong></span> <span class='ocrx_word' id='word_1_297' title='bbox 1360 2504 1427 2527; x_wconf 88' lang='lat' dir='ltr'><strong>non</strong></span> <span class='ocrx_word' id='word_1_298' title='bbox 1445 2495 1576 2537; x_wconf 81' lang='lat' dir='ltr'><strong>ignotas</strong></span> 
     </span>
     <span class='ocr_line' id='line_1_37' title="bbox 138 2542 1575 2593; baseline 0.008 -21"><span class='ocrx_word' id='word_1_299' title='bbox 138 2542 292 2585; x_wconf 82' lang='lat' dir='ltr'><strong>putaret,</strong></span> <span class='ocrx_word' id='word_1_300' title='bbox 320 2542 558 2587; x_wconf 83' lang='lat' dir='ltr'><strong>gravissimum</strong></span> <span class='ocrx_word' id='word_1_301' title='bbox 588 2543 754 2589; x_wconf 85' lang='lat' dir='ltr'><strong>prosodiae</strong></span> <span class='ocrx_word' id='word_1_302' title='bbox 783 2550 980 2593; x_wconf 85' lang='lat' dir='ltr'><strong>peccatum,</strong></span> <span class='ocrx_word' id='word_1_303' title='bbox 1008 2548 1098 2593; x_wconf 90' lang='lat' dir='ltr'><strong>quod</strong></span> <span class='ocrx_word' id='word_1_304' title='bbox 1128 2548 1228 2583; x_wconf 85' lang='lat' dir='ltr'><strong>habet</strong></span> <span class='ocrx_word' id='word_1_305' title='bbox 1256 2559 1286 2582; x_wconf 89' lang='lat' dir='ltr'><strong>v.</strong></span> <span class='ocrx_word' id='word_1_306' title='bbox 1320 2550 1420 2583; x_wconf 83' lang='grc'>1573</span> <span class='ocrx_word' id='word_1_307' title='bbox 1443 2549 1476 2583; x_wconf 92' lang='lat' dir='ltr'><strong>in</strong></span> <span class='ocrx_word' id='word_1_308' title='bbox 1493 2559 1575 2583; x_wconf 84' lang='lat' dir='ltr'><strong>voce</strong></span> 
     </span>
     <span class='ocr_line' id='line_1_38' title="bbox 131 2593 1576 2648; baseline 0.006 -19.028"><span class='ocrx_word' id='word_1_309' title='bbox 131 2593 383 2648; x_wconf 69' lang='grc' dir='ltr'><strong><em>Ἀγαμέμνων,</em></strong></span> <span class='ocrx_word' id='word_1_310' title='bbox 411 2599 642 2644; x_wconf 85' lang='lat' dir='ltr'><strong>interpolatori</strong></span> <span class='ocrx_word' id='word_1_311' title='bbox 672 2600 900 2646; x_wconf 85' lang='lat' dir='ltr'><strong>relinqueret,</strong></span> <span class='ocrx_word' id='word_1_312' title='bbox 931 2603 1033 2648; x_wconf 89' lang='lat' dir='ltr'><strong>idque</strong></span> <span class='ocrx_word' id='word_1_313' title='bbox 1060 2613 1167 2648; x_wconf 88' lang='lat' dir='ltr'><strong>quum</strong></span> <span class='ocrx_word' id='word_1_314' title='bbox 1196 2603 1239 2637; x_wconf 82' lang='lat' dir='ltr'><strong>ab</strong></span> <span class='ocrx_word' id='word_1_315' title='bbox 1266 2602 1385 2637; x_wconf 85' lang='lat' dir='ltr'><strong>eodem</strong></span> <span class='ocrx_word' id='word_1_316' title='bbox 1414 2604 1576 2648; x_wconf 76' lang='lat' dir='ltr'><strong>scriptore</strong></span> 
     </span>
    </p>
   </div>
   <div class='ocr_carea' id='block_1_5' title="bbox 137 2643 1577 2743">
    <p class='ocr_par' dir='ltr' id='par_1_6' title="bbox 137 2643 1577 2743">
     <span class='ocr_line' id='line_1_39' title="bbox 137 2643 1577 2743; baseline 0.008 -62"><span class='ocrx_word' id='word_1_317' title='bbox 137 2643 468 2739; x_wconf 47' lang='lat' dir='ltr'><strong>Ldetp54rpcalgulum</strong></span> <span class='ocrx_word' id='word_1_318' title='bbox 479 2658 596 2743; x_wconf 47' lang='grc' dir='ltr'><strong>ιιι-0918</strong></span> <span class='ocrx_word' id='word_1_319' title='bbox 632 2653 675 2689; x_wconf 88' lang='lat' dir='ltr'><strong>ad</strong></span> <span class='ocrx_word' id='word_1_320' title='bbox 703 2653 886 2690; x_wconf 83' lang='lat' dir='ltr'><strong>iambicum</strong></span> <span class='ocrx_word' id='word_1_321' title='bbox 915 2666 1098 2693; x_wconf 80' lang='lat' dir='ltr'><strong>numerum</strong></span> <span class='ocrx_word' id='word_1_322' title='bbox 1121 2656 1417 2691; x_wconf 67' lang='lat' dir='ltr'><strong>accommodatum</strong></span> <span class='ocrx_word' id='word_1_323' title='bbox 1448 2658 1577 2693; x_wconf 79' lang='lat' dir='ltr'><strong>videret</strong></span> 
     </span>
     <span class='ocr_line' id='line_1_40' title="bbox 159 2708 514 2743; baseline 0.008 -3"><span class='ocrx_word' id='word_1_324' title='bbox 159 2722 168 2732; x_wconf 94' lang='lat'><strong>·</strong></span> <span class='ocrx_word' id='word_1_325' title='bbox 334 2713 353 2737; x_wconf 75' lang='lat' dir='ltr'><strong>e</strong></span> <span class='ocrx_word' id='word_1_326' title='bbox 399 2708 475 2742; x_wconf 84' lang='lat'><strong>160</strong></span> <span class='ocrx_word' id='word_1_327' title='bbox 505 2733 514 2743; x_wconf 89' lang='lat'><strong>.</strong></span> 
     </span>
    </p>
   </div>
  </div>
 </body>
</html>
