1730 3063
841 133 899 175 44

141 246 244 282 actae
279 243 418 283 mortis
452 239 681 284 foeditatem
716 250 941 296 averteret,
981 244 1085 285 omni
1121 255 1194 299 ope
1230 238 1462 283 enitebatur.
1533 243 1590 283 Αο

142 319 192 346 ue
217 314 301 348 tum
326 305 508 363 quidem,
544 310 667 364 quum
692 321 848 349 omnem
873 302 1134 364 persuadendi
1160 319 1319 366 operam
1346 303 1589 366 perdiderat,

140 373 239 414 satis
273 385 317 414 se
351 370 492 416 fecisse
527 374 777 428 existimans,
812 373 862 416 ad
898 387 1007 416 aram
1044 372 1161 422 abiit.
1198 371 1337 425 utne,
1372 374 1403 414 si
1442 366 1478 413 in
1503 372 1588 428 ipso

140 435 332 480 sacrificio
376 437 522 498 aliquid
573 438 810 482 infirmitatis
855 441 891 483 in
929 439 1129 498 Iphigenia
1175 447 1427 493 cerneretur,
1469 442 1585 481 suum'

141 503 299 546 deesset
336 505 578 562 praesidium.
662 507 832 549 Omnino
877 509 914 548 in
948 504 1131 548 omnibus
1169 504 1285 562 hujus
1320 505 1482 548 Achillis
1518 496 1588 546 di-·'

139 571 215 612 ctis
253 569 447 630 lactisque
485 573 737 616 Homericum
774 571 883 616 illum
919 571 1032 615 facile
1067 586 1275 629 agnoscas:
1305 572 1449 614 ‘eadem
1482 572 1586 614 enim

136 637 173 677 in
209 645 380 695 utroque
415 637 505 680 belli
539 638 759 696 cupiditas,
793 639 931 681 eadem
967 640 1083 680 animi
1109 638 1249 680 ferocia
1277 646 1317 680 et
1341 630 1477 691 elatio,
1511 630 1588 679 ea-³

137 699 228 745 dem
263 702 397 761 gloriae
435 705 629 763 famaeque
651 703 841 757 aviditas,
875 705 977 748 idem
1002 704 1134 747 odium
1159 707 1354 756 omnium,
1380 719 1470 762 quae
1497 703 1585 746 vilia

137 777 178 811 et
213 768 367 827 abjecta
404 779 557 824 essent,
593 770 753 823 eadem,
797 771 863 814 ubi
900 773 955 813 ira
992 785 1065 812 non
1103 773 1277 813 animum
1296 770 1586 827 perturbaret,

137 833 384 888 humanitas,
421 836 560 879 eadem
598 837 660 879 illa
698 838 906 891 fortitudo,
944 852 1035 896 quae
1071 837 1160 880 nihil
1187 839 1363 891 timeret,
1400 835 1491 878 nihil
1518 851 1588 878 re-

136 900 303 957 fugeret.
371 903 623 961 Quamquam
671 904 733 946 hic
778 903 936 962 quidem
976 902 1187 960 Euripidea
1225 902 1463 960 philosophia
1504 901 1583 944 ali—

137 967 373 1025 quantulum
414 983 457 1011 se
495 977 760 1027 temperatum
798 978 973 1027 praestat.

244 1043 348 1095 Quid
394 1054 455 1088 est.
504 1046 625 1101 igitur
676 1054 745 1088 aut
797 1047 832 1087 in
887 1046 1040 1102 ingenio
1092 1044 1258 1087 hominis
1304 1053 1373 1086 aut
1425 1046 1460 1086 in
1512 1060 1584 1086 re—

136 1108 211 1152 bus
245 1117 337 1152 ante
373 1113 519 1168 gestis,
562 1112 599 1153 in
637 1110 751 1154 dictis
786 1119 826 1154 et
861 1111 974 1154 factis
1008 1105 1122 1168 ejus,
1150 1120 1192 1153 ut
1224 1124 1315 1169 quae
1357 1112 1392 1153 in
1431 1110 1583 1170 epilogo

135 1178 216 1233 agit
258 1178 293 1219 ei
340 1180 516 1235 potuisse
560 1178 611 1220 ab
647 1178 833 1236 Euripide
877 1177 997 1220 tribui
1044 1177 1264 1233 negemus?
1332 1180 1417 1219 Non
1462 1179 1583 1235 ipsius

133 1242 293 1285 infamia
329 1251 398 1286 aut
432 1242 611 1287 sacrificii
648 1243 858 1301 indignitas
894 1253 963 1286 aut
983 1242 1260 1302 jusjurandum
1287 1245 1400 1287 matri
1425 1243 1583 1286 datum:

136 1309 289 1352 viderat
324 1311 426 1352 enim
464 1310 706 1368 Iphigeniam
744 1310 856 1352 firmo
892 1310 1039 1365 gradu,
1085 1310 1196 1351 vultu
1234 1310 1427 1367 intrepido
1461 1323 1583 1352 acce-

133 1373 314 1431 dentem,
348 1374 529 1418 audierat
565 1374 669 1418 illam
706 1375 756 1418 ad
792 1374 1091 1418 immolationem
1128 1389 1170 1417 se
1209 1376 1309 1431 patri
1345 1374 1584 1430 tradentem,

133 1440 381 1484 intellexerat
429 1456 502 1484 suo
547 1441 635 1483 nihil
681 1456 780 1499 opus
822 1456 911 1484 esse
954 1441 1115 1499 auxili03
1164 1456 1237 1483 nou
1274 1441 1388 1483 modo
1422 1441 1584 1484 stultis-

132 1508 246 1548 simae
288 1506 464 1550 audaciae
507 1517 594 1549 erat
638 1507 709 1550 sed
754 1507 913 1550 humilis
957 1506 1236 1565 illiberalisque
1280 1500 1396 1550 animi
1431 1507 1583 1550 diutius

134 1574 377 1631 propositum
395 1573 586 1616 obtinere.
622 1575 707 1616 Non
735 1575 873 1630 injuria
896 1574 1125 1616 Atridarum
1144 1576 1433 1630 contemptione
1457 1573 1581 1616 illata:

133 1653 225 1681 nam
262 1639 367 1691 haec,
403 1642 491 1682 sive
526 1638 784 1697 perficeretur
820 1641 907 1681 sive
943 1653 1017 1681 non
1055 1637 1312 1696 perficeretur
1332 1638 1581 1691 sacrificium,

130 1704 268 1748 eadem
308 1704 504 1749 manebat.
573 1706 625 1748 At
659 1719 769 1749 amor
806 1704 888 1761 ille,
923 1707 989 1764 qui
1027 1705 1160 1748 subito
1196 1702 1473 1762 exarserat')?
1508 1705 1581 1748 Hic

134 1771 198 1813 vel
244 1773 421 1814 minime:
469 1785 596 1829 neque
633 1773 734 1814 enim
772 1772 872 1814 illius
908 1771 975 1813 alti
1009 1785 1057 1813 ac
1093 1772 1271 1827 generosi
1308 1773 1424 1814 animi
1471 1768 1577 1824 erat,¹

131 1852 255 1896 quum
295 1837 423 1893 puella
465 1839 584 1879 vitam
623 1852 693 1895 pro
731 1840 855 1895 patria
903 1835 1179 1895 profunderet,
1223 1850 1266 1878 se
1311 1839 1413 1879 vinci
1451 1839 1580 1880 sinere

134 1905 457 1959 magnanimitate
492 1912 532 1945 et
567 1918 679 1945 suam
716 1902 972 1960 cupiditatem
1012 1904 1150 1959 patriae
1187 1902 1303 1944 saluti
1339 1917 1577 1961 praeponere.

130 1968 182 2011 Et
216 1969 323 2030 ipse,
356 1982 484 2026 quam
512 1968 626 2025 longe
662 1969 699 2011 id
737 1983 757 2011 a
795 1983 868 2012 suo
902 1970 1030 2011 animo
1061 1967 1245 2021 distaret,
1281 1976 1452 2012 testatus
1474 1978 1577 2022 erat,

132 2037 236 2093 ipse,
272 2049 363 2093 quae
398 2034 537 2091 agendi
576 2037 673 2079 ratio
708 2035 782 2078 sibi
815 2050 918 2077 nunc
943 2044 1049 2078 esset
1073 2034 1296 2091 sequenda,
1335 2044 1579 2092 praeceperat

132 2109 217 2144 tum
253 2115 376 2159 quum
413 2100 590 2155 dicebat,
639 2103 753 2144 modo
788 2114 859 2143 sua
895 2100 1013 2158 gloria
1051 2108 1210 2142 servata
1247 2108 1355 2142 esset
1389 2109 1429 2143 et
1463 2101 1577 2144 dolus

131 2166 345 2218 abfuisset,
382 2181 426 2209 se
461 2181 645 2225 sponsam
682 2169 821 2225 patriae
857 2167 980 2210 fuisse
1014 2166 1212 2208 daturum.
1281 2167 1416 2218 Nunc,
1453 2182 1574 2224 quum

132 2234 206 2290 ipsi
244 2233 370 2289 majus
413 2247 461 2275 ac
496 2232 693 2276 difficilius
730 2233 879 2275 factum
914 2242 1020 2275 esset
1055 2230 1312 2287 sacrificium,
1347 2232 1576 2289 refugeret?

133 2324 196 2332 —
232 2302 304 2349 At,
341 2298 577 2341 sacrificium
614 2301 797 2356 quamvis
832 2299 914 2341 fieri
953 2313 1093 2355 passus
1127 2307 1199 2352 sit,
1235 2300 1319 2356 ipse
1355 2307 1464 2341 certe
1498 2313 1572 2340 non

131 2364 271 2408 debuit
308 2366 506 2422 particeps
541 2365 628 2422 ejus
662 2380 762 2408 esse.
833 2366 915 2408 Hoc
959 2357 1329 2417 infirmitatisera't,
1365 2363 1495 2423 qualis
1535 2366 1571 2407 in

131 2431 284 2474 Achille
308 2430 458 2472 nullum
483 2430 610 2473 locum
637 2431 819 2474 habebat.
864 2430 1033 2474 Pulchra
1059 2444 1106 2473 ac
1129 2430 1315 2488 praeclara
1341 2439 1425 2473 erat
1450 2445 1573 2486 mors,

131 2511 222 2556 quae
255 2495 492 2541 altissimum
528 2511 727 2556 quemque
760 2499 934 2542 animum
969 2498 1141 2540 maxime
1176 2496 1351 2540 alliceret
1375 2506 1414 2539 et
1439 2495 1574 2540 admi-

194 2625 221 2668 ¹)
249 2627 337 2664 Nam
364 2631 501 2664 tantum
529 2629 560 2665 ei
589 2629 755 2677 tribuam,
784 2634 952 2679 quantum
982 2642 1000 2667 a
1029 2629 1234 2679 quibusdam
1263 2629 1390 2665 factum
1419 2619 1566 2675 reperioss
1593 2650 1619 2657 x-
