1730 3063
820 101 880 144 24

221 207 410 265 Magnum
450 215 512 250 est
546 208 650 249 enim
686 219 735 249 ac
769 209 1038 251 necessarium
1076 209 1113 250 in
1149 205 1384 265 tragoedii8‚
1431 214 1476 249 ut
1510 209 1578 267 qui

123 271 240 316 malis
273 274 351 316 illis
387 273 578 316 feriantur
614 287 689 315 non
725 287 833 315 mera
868 272 1033 316 aliorum
1059 273 1296 317 crudelitate
1319 282 1360 315 et
1385 272 1576 329 injustitia

123 340 292 397 opprimi
338 338 560 393 videantur,
605 338 674 382 sed
721 340 782 382 his
816 353 974 398 quoque
1008 338 1155 399 aliquid
1190 340 1291 398 juris
1327 347 1578 393 reservetur;

124 408 186 449 sin
225 407 375 461 minus,
411 416 454 449 ut
492 409 564 466 ipsi
601 421 645 451 se
682 421 756 449 non
795 415 934 464 putent
969 421 1015 449 eo
1043 406 1268 450 destitutos.
1326 407 1453 451 Aliter
1476 407 1578 449 enim

123 486 175 515 ex
219 473 294 515 hac
330 481 443 531 parte
480 474 636 517 foedum
672 476 746 516 erit
780 488 827 516 ac
862 472 1098 516 detestabile
1132 474 1430 530 spectaculum,
1474 473 1579 531 quod

125 541 215 597 quis
251 549 481 594 aversetur,
527 541 712 599 quamvis
755 541 791 583 in
839 539 922 595 illo,
965 542 1035 598 qui
1071 539 1184 582 malis
1219 540 1426 596 affligitur,
1469 554 1581 598 prae—

124 606 233 648 clara
272 608 434 651 virtutis
466 608 619 665 species
653 606 808 649 alliciat.
860 608 999 665 Neque
1035 605 1265 662 Euripidem
1292 606 1411 663 fugit,
1447 620 1582 663 quan—

126 680 213 713 tum
251 672 369 728 hujus
407 672 621 730 tragoediae
656 674 888 728 interesset,
922 687 1006 731 quo·
1034 673 1124 730 jure
1158 671 1287 715 Graeci
1314 671 1456 715 Aulide
1480 686 1579 715 con-

125 738 302 782 sidentes
341 739 558 783 innocentis
602 739 744 797 puellae
776 748 944 782 mortem
976 739 1155 796 flagitare
1187 738 1429 782 viderentur.
1495 740 1583 782 Ita-

127 819 207 862 que
240 806 320 862 jam
359 807 469 849 initio
504 807 566 849 his
602 806 744 849 iambis
779 809 959 859 curavit,
993 816 1037 848 ut
1064 807 1182 847 totius
1209 805 1351 848 fabulae
1375 805 1580 847 consilium

128 882 238 915 recte
288 876 596 931 perspiceretur.
667 871 782 924 Quod
809 865 979 916 'factum
1030 881 1091 914 est
1142 875 1365 914 narratione
1415 875 1581 928 repetita

127 938 219 980 inde
253 937 304 980 ab
337 939 611 996 jurejurando,
655 953 735 997 quo
769 938 935 982 Graeciae
971 939 1170 997 principes
1205 940 1445 982 astrinxerat
1469 940 1584 996 Tyn-

130 1003 298 1060 dareus,
333 1016 373 1048 et
408 1006 458 1049 ab
494 1007 632 1063 injuria
669 1007 900 1049 Graecorum
938 1008 1082 1047 nomini
1112 1013 1227 1061 raptu
1254 1005 1413 1047 Helenae
1437 1020 1458 1047 a
1487 1006 1585 1049 bar-

130 1070 239 1114 baris
272 1070 392 1114 illata.
461 1073 518 1115 Ita
564 1074 667 1115 enim
705 1072 778 1114 hoc
815 1071 981 1127 bellum,
1024 1071 1127 1130 quod
1171 1080 1212 1114 et
1251 1071 1383 1129 religio
1417 1073 1585 1129 imperet

130 1146 172 1179 et
216 1152 355 1181 omnes
391 1140 560 1183 Graeciae
595 1149 734 1196 gentes
770 1138 820 1181 ad
860 1139 1082 1181 libertatem
1119 1138 1356 1181 servandam
1394 1139 1585 1195 injurias-

130 1219 210 1262 que
246 1203 493 1248 ulciscendas
528 1207 761 1262 suscipiant,
805 1206 881 1248 tale
919 1205 1030 1248 nobis
1067 1204 1245 1257 videtur,
1290 1205 1403 1261 cujus
1439 1219 1587 1263 perse—

131 1270 280 1329 quendi
317 1285 458 1326 causa,
495 1274 528 1315 si
566 1286 630 1314 res
667 1272 860 1330 postulet,
897 1271 988 1314 nihil
1029 1286 1103 1313 non
1140 1271 1367 1313 audendum
1391 1274 1443 1315 sit
1468 1280 1588 1329 atque

131 1336 232 1379 adeo
276 1338 402 1394 ipsius
449 1339 609 1394 virginis
655 1347 820 1380 mortem
875 1338 1069 1380 ducamus
1114 1339 1387 1380 necessariam.
1474 1337 1588 1388 Quod

131 1413 270 1446 contra
305 1406 338 1445 si
375 1404 504 1447 Graeci
541 1405 686 1446 ferocia
724 1414 764 1445 et
802 1404 931 1446 laudis
963 1404 1096 1446 studio
1119 1405 1304 1446 concitati
1330 1404 1417 1446 ideo
1441 1404 1590 1460 solum,

133 1483 184 1513 ne
226 1468 321 1527 quid
365 1485 450 1513 suae
485 1470 690 1529 cupiditati
729 1470 928 1524 obstaret,
975 1480 1124 1512 tantam
1165 1471 1366 1512 victimam
1403 1471 1588 1529 postula-

134 1545 222 1579 rent
236 1532 290 1593 ¹),
325 1538 479 1580 etiamsi
514 1551 585 1580 sua
623 1547 763 1594 sponte
800 1538 996 1595 iphigenia
1035 1545 1075 1579 et
1111 1544 1244 1579 erecto
1277 1538 1406 1580 animo
1441 1552 1485 1580 se
1521 1553 1591 1596 pro

133 1605 261 1661 patria
305 1602 544 1659 devoveret,
597 1615 728 1647 tamen
793 1605 935 1662 injusta
987 1603 1119 1646 caedes
1172 1612 1294 1647 totam
1347 1604 1589 1661 tragoediam

136 1668 473 1729 corrumperet¹);
526 1673 588 1714 cui
632 1685 761 1729 neque
807 1671 997 1728 praeclara
1035 1685 1190 1713 morum
1229 1673 1376 1714 notatio
1411 1686 1484 1714 nec
1519 1687 1593 1715 ce-

135 1745 234 1779 terae
279 1739 451 1780 virtutes
495 1740 686 1796 insignem
733 1737 839 1780 illum
884 1738 1034 1792 locum,
1069 1739 1105 1779 in
1144 1752 1222 1794 quo
1254 1737 1365 1779 multi
1400 1752 1486 1780 eam
1513 1753 1591 1796 po·-

136 1811 330 1855 suerunt,
374 1818 537 1846 servare
575 1813 745 1860 possent.
803 1805 904 1845 Nam
941 1818 1068 1862 neque
1106 1802 1283 1860 pulcbrae
1322 1813 1456 1860 partes
1498 1806 1593 1862 ipsae

137 1876 267 1910 totum
310 1883 455 1927 corpus
489 1869 698 1928 pulchrum
733 1870 930 1921 efficiunt,
979 1884 1107 1929 neque
1144 1883 1401 1926 personarum
1437 1870 1592 1914 bonitas

137 1933 281 1978 bonam
332 1936 599 1992 tragoediam,
650 1938 723 1978 nisi
769 1936 906 1979 idoneo
954 1944 1190 1992 argumento
1239 1936 1592 1993 comprehendun-

138 2009 206 2043 tur
220 1997 266 2059 ⁸).
334 2001 468 2052 Quare
501 2016 624 2060 quum
662 2011 811 2044 tantam
850 2004 936 2056 vim,
967 2002 1140 2045 habeant
1175 2000 1228 2043 illi
1263 2001 1402 2057 iambi,
1435 2005 1502 2060 qui
1526 2017 1593 2045 eos

138 2066 281 2112 abesse
317 2067 506 2123 voluerit,
541 2069 643 2111 male
679 2070 712 2110 is
747 2068 841 2111 milii
869 2069 1028 2111 videtur
1054 2076 1181 2125 poetae
1204 2066 1310 2111 laudi
1335 2068 1592 2130 consuluisse.

229 2191 263 2237 ι)
291 2195 340 2230 lta
371 2196 439 2231 fere
467 2207 542 2231 rem
570 2198 728 2242 exposuit
757 2197 958 2242 Hartungus
986 2195 1048 2231 Ed.
1070 2195 1145 2230 Lat.
1173 2204 1205 2240 p.
1236 2194 1298 2229 88.

225 2255 262 2304 ²)
289 2259 507 2307 Splendidior
535 2261 673 2297 fortasse
702 2266 793 2297 esset
820 2262 1004 2307 lpliigeniae
1033 2260 1166 2296 devotio
1195 2264 1230 2294 et
1253 2259 1366 2293 minus
1385 2258 1511 2294 habere
1539 2259 1595 2294 of-

142 2315 306 2351 fensionis
341 2316 529 2360 videretur,
568 2327 670 2361 quam
701 2316 888 2362 Polyxenae
917 2317 951 2350 in
982 2314 1119 2350 Hecuba
1150 2313 1263 2349 fabula
1292 2313 1493 2360 trucidatio,
1533 2313 1594 2349 sed

140 2381 186 2405 ex
221 2369 285 2405 hac
319 2374 417 2416 parte
451 2370 597 2416 graviori
633 2371 713 2406 vitio
750 2371 934 2416 laboraret;
971 2381 1051 2406 nam
1085 2367 1297 2415 Polyxenam
1336 2367 1595 2415 utiqueffGraeci

142 2425 347 2461 necessitate
375 2426 482 2461 coacti
511 2425 685 2460 immolare
712 2426 903 2471 finguntur.

229 2487 259 2531 8)
287 2486 429 2524 Aristot.
452 2490 545 2525 Poet.
574 2501 603 2524 c.
628 2490 691 2534 VI,
727 2494 907 2536 postquam
936 2486 1119 2535 tragoediae
1154 2490 1269 2533 partes
1296 2487 1487 2533 proposuit,
1515 2485 1597 2523 dicit.

143 2539 173 2591 §.
206 2548 274 2580 12:
302 2543 468 2589 μέγιστος
488 2543 525 2578 δὲ
550 2542 680 2578 τούτων
703 2544 795 2578 ἐστὶν
818 2542 838 2586 ἦ
862 2543 931 2578 τῶν
953 2541 1174 2592 πραγμάτων
1193 2539 1368 2581 eburacae,
1392 2538 1413 2582 ἧ
1433 2551 1503 2589 γαρ
1517 2553 1597 2590 τρα-

145 2597 259 2646 γῳδία
281 2597 424 2643 μίμησίς
445 2598 537 2630 ἔστιν
568 2595 629 2629 οὐκ
652 2596 853 2644 ἀνθρώπων
865 2593 953 2630 ἀλλὰ
965 2595 1121 2642 πράξεως
1133 2614 1173 2619 -
1186 2604 1255 2640 qua
1269 2593 1440 2628 sententia
1458 2593 1596 2629 uberius

146 2651 314 2698 explicata
332 2646 575 2697 pergit§.19:
599 2646 687 2698 ἀρχὴ
707 2649 775 2695 μὲν
799 2646 862 2684 οὖν
883 2648 944 2684 καὶ
966 2649 1044 2684 οἷον
1061 2646 1154 2694 ψυχὴ
1168 2647 1187 2684 ὁ
1203 2647 1320 2694 μῦθος
1330 2646 1597 2697 τῆςτραγωδῖας.
