1730 3063
809 152 871 195 30

119 272 202 302 rem
240 257 383 302 fabulae
419 258 606 300 rationem
643 258 884 316 pertineant,
920 256 970 299 de
1004 256 1151 316 quibus
1185 258 1282 301 inira
1309 255 1486 315 dicetur,
1521 273 1570 303 ne

121 328 172 368 de
210 330 263 368 rei
308 325 417 367 exitu
453 326 550 366 certi
585 338 674 367 esse
708 337 938 382 possemus,
974 323 1125 367 diserte
1161 327 1245 383 ipse
1283 326 1406 367 vetuit
1435 334 1570 382 poeta,

120 399 243 451 quum
279 389 475 434 Achillem
518 389 569 433 ad
604 389 845 433 sacrificium
880 388 1024 432 adesse
1068 401 1112 433 et
1145 392 1389 450 propositum
1434 400 1568 435 tenere
1600 429 1603 434 .

114 458 270 514 juberet
305 456 357 513 (v.
388 453 675 512 uss—33⁴).
733 455 834 498 Addi
862 464 1013 512 potest,
1048 464 1292 514 quamquam
1317 457 1569 499 extrinsecus

117 525 285 582 petitum
339 531 423 578 est,
466 523 652 581 quoniam
705 521 855 579 duplex
894 520 943 563 de
992 521 1202 581 Iphigeniae
1252 522 1330 566 fato
1373 521 1568 567 obtineret

116 590 240 643 fama,
277 604 402 647 quum
438 589 524 639 alii,
572 597 616 631 ut
651 588 867 643 Homerus,
904 589 1136 648 AEschylus,
1173 601 1268 631 vere
1303 591 1564 646 immolatam,

115 657 202 712 alii,
246 665 290 700 ut
328 659 412 714 ipse
449 655 659 713 Euripides
704 657 739 698 in
778 656 940 699 Taurica
977 656 1197 714 Iphigenia,
1241 658 1356 700 morti
1387 667 1563 715 ereptam

117 723 396 775 tradidissent,
446 727 478 765 si
523 721 681 764 deesset
733 721 931 780 epilogus,
983 725 1153 766 incertos
1205 731 1450 781 spectatores
1498 724 1566 767 fu-

116 793 194 833 isse
245 789 422 843 futuros,
477 797 611 831 utrum
659 789 729 831 'hic
783 788 931 831 factum
979 798 1178 846 putarent.
1255 786 1308 832 Ut
1353 804 1447 831 vero
1497 805 1567 833 re—

113 861 332 899 centiorum
386 853 675 911 tragoediarum
729 853 884 909 legibus
931 857 1213 897 convenienter
1264 849 1395 910 hujus*
1426 856 1566 913 epilogi

114 924 275 965 omissio
310 920 392 964 fieri
433 923 624 979 potuerit,
671 935 794 979 quum
840 919 889 962 de
923 919 1155 964 Giaecorum
1199 922 1327 980 aliqua
1364 922 1564 979 tragoedia

114 990 329 1048 quaeritur,
379 988 519 1031 harum
566 989 666 1029 ratio
710 996 772 1029 est
817 987 1114 1029 consideranda.
1192 989 1289 1031 Erat
1322 1000 1456 1031 autem
1493 989 1566 1031 boc

114 1055 270 1097 illorum
306 1054 508 1097 hominum
547 1055 772 1111 proprium,
806 1051 931 1112 quod,
968 1066 1088 1112 quam
1125 1052 1431 1113 pulchritudinis
1465 1068 1567 1113 spe—

116 1123 216 1164 ciem
261 1123 391 1164 animo
434 1121 730 1177 concepissent,
777 1135 885 1174 eam,
933 1123 1025 1178 quia
1069 1120 1280 1178 simplicior
1314 1130 1400 1164 erat
1436 1135 1565 1179 neque

115 1189 227 1246 copia
264 1201 311 1230 ac
347 1190 540 1230 varietate
575 1200 644 1228 sua
673 1187 868 1241 materiae,
903 1199 981 1245 qua
1005 1186 1262 1244 exprimenda
1287 1195 1393 1241 erat,
1431 1187 1566 1230 facul-

116 1263 240 1297 tatem
276 1254 513 1310 superabat,
559 1253 626 1294 tali
662 1256 784 1294 forma
823 1252 1061 1305 induebant,
1105 1265 1196 1310 quae
1228 1254 1405 1310 >perfecte
1439 1263 1480 1295 et
1513 1268 1565 1297 ex

113 1322 216 1362 omni
255 1329 367 1377 parte
403 1321 440 1362 in
479 1319 584 1360 illam
620 1318 847 1377 quadraret.
900 1318 986 1370 Qua
1025 1333 1067 1361 re
1102 1332 1226 1378 quum
1261 1321 1297 1363 in
1333 1319 1476 1363 eximia
1501 1320 1565 1364 illa

111 1396 337 1429 statuarum
383 1387 612 1443 praestantia
658 1387 831 1427 maxime
874 1394 1008 1427 essent
1045 1387 1235 1440 insignes,
1279 1395 1364 1428 tum
1400 1386 1449 1428 ad
1488 1400 1563 1429 ce-

113 1461 222 1496 teras
257 1462 366 1494 artes
401 1450 706 1495 transferebant.
791 1451 920 1510 Atque
958 1451 1221 1508 tragoediam,
1263 1466 1355 1511 quae
1389 1453 1565 1496 omnium

113 1530 220 1562 esset
256 1521 402 1560 artium
439 1517 623 1575 quaedam
660 1518 984 1573 comprehensio,
1021 1527 1148 1559 totum
1184 1517 1374 1575 quiddam
1412 1529 1453 1561 et
1485 1518 1565 1562 ab·

111 1584 287 1628 solutum
322 1593 365 1627 et
398 1598 552 1627 summa
592 1585 766 1625 omnium
804 1585 977 1641 partium
1012 1580 1283 1642 aequabilitate
1309 1593 1349 1627 et
1372 1593 1565 1629 concentu

112 1661 379 1708 temperatum
406 1653 488 1707 ipsa
515 1664 586 1692 sua
611 1650 734 1691 forma
760 1661 807 1690 ac
830 1651 963 1704 specie
986 1650 1131 1690 afferre
1156 1650 1380 1692 voluerunt.
1425 1653 1565 1708 Itaque

111 1715 294 1761 »Graecis
339 1730 414 1760 non
460 1716 560 1759 satis
603 1721 690 1757 erat
733 1712 943 1771 significari
981 1724 1168 1758 eventum
1208 1717 1284 1771 rei,
1329 1716 1398 1760 sed
1435 1718 1564 1775 ipsum

112 1798 247 1826 coram
289 1783 428 1825 videre
474 1781 535 1823 vel
578 1797 629 1823 ex
663 1782 730 1835 iis,
774 1782 843 1837 qui
876 1780 1062 1833 aderant,
1112 1782 1249 1823 audire
1295 1780 1564 1841 volebant»¹).

113 1850 254 1909 Neque
292 1862 387 1892 vero
421 1845 652 1907 Euripides,
687 1847 762 1890 etsi
799 1848 836 1890 in
874 1845 1072 1905 tragoedia
1111 1847 1234 1892 multa
1272 1851 1435 1894 novavit
1470 1859 1511 1894 et
1541 1865 1564 1894 a

111 1918 276 1975 pristina
314 1915 374 1957 illa
419 1916 635 1957 severitate
672 1913 775 1954 haud
813 1913 989 1971 paullum
1027 1917 1216 1966 recessit,
1266 1917 1304 1957 in
1341 1916 1416 1958 hac
1452 1926 1564 1974 parte

109 1980 327 2040 quidquam
363 1980 530 2032 defecit,
566 1981 633 2037 qui
671 1980 708 2021 in
744 1981 855 2022 exitu
890 1980 1183 2035 tragoediarum
1220 1995 1296 2022 non
1331 1981 1446 2024 modo
1469 1982 1564 2024 nihil

111 2047 377 2103 significatum
421 2055 576 2087 tantum
622 2043 845 2102 reliquerit,
887 2043 958 2087 sed
1003 2060 1111 2103 saepe
1153 2047 1273 2088 etiam
1318 2046 1441 2089 aliena
1483 2047 1562 2089 ad-

111 2115 270 2168 scierit,
312 2127 403 2170 quae
438 2111 662 2154 tabularum
707 2110 804 2152 fines
840 2110 1123 2167 egrederentur
1159 2122 1199 2153 et
1237 2114 1273 2152 in
1311 2112 1563 2170 praedictione

113 2193 244 2221 rerum
281 2178 509 2222 futurarum
545 2186 584 2219 et
620 2176 919 2237 Atheniensium
962 2176 1146 2220 laudibus
1182 2177 1428 2222 celebrandis
1463 2194 1564 2222 ver-

111 2256 307 2289 sarentur.
377 2246 467 2296 Quo
503 2247 627 2301 magis
664 2245 918 2300 perspicuum
955 2253 1039 2297 est,
1073 2246 1109 2285 in
1144 2243 1218 2286 hac
1244 2245 1447 2303 tragoedia
1473 2247 1563 2288 Eu—

114 2311 301 2369 ripidem,
335 2310 440 2369 quod
477 2319 518 2352 et
554 2311 746 2352 recentior
782 2308 913 2351 fabula
948 2308 1146 2352 desideret
1177 2320 1218 2353 et
1242 2312 1472 2355 Graecorum
1498 2326 1563 2354 ars

111 2387 294 2436 posceret
328 2389 368 2419 et
402 2376 598 2432 flagitaret
633 2377 755 2432 ipsius
786 2375 1050 2426 consuetudo,
1089 2373 1131 2418 ut
1155 2376 1350 2434 epilogum
1376 2377 1561 2432 adderet,

110 2444 149 2486 id
188 2446 373 2486 omittere
407 2458 481 2485 non
519 2443 706 2500 potuisse.

212 2508 327 2561 Quod
363 2510 395 2550 si
431 2508 630 2565 epilogum
664 2506 832 2564 aliquem
879 2505 930 2548 ab
966 2508 1155 2566 Euripide
1188 2511 1381 2567 scriptum
1419 2508 1561 2565 fuisse,

111 2576 230 2634 quod,
248 2574 408 2633 quidem
432 2574 607 2632 plerique
632 2588 702 2631 pro
727 2583 837 2615 certo
861 2572 1104 2627 habuerunt,
1139 2591 1213 2617 non
1239 2575 1485 2630 dubitamus;
1521 2587 1562 2619 at

202 2683 229 2730 ²)
259 2683 447 2720 Hermanni
475 2687 594 2719 contra
623 2682 795 2719 Bremium
823 2682 999 2728 judicium.
1056 2682 1176 2719 Matth.
1204 2682 1251 2719 l.l.
