1730 3063
824 134 884 178 36

131 248 279 304 posita,
303 248 486 307 perfeeto
508 247 800 306 cumulataeque
825 249 984 292 virtutis
1007 248 1120 293 daret
1145 247 1438 292 documentum.
1474 249 1577 293 Nam

132 315 192 358 sic
237 323 389 358 tantum
431 316 566 358 exitus
612 313 695 370 ille,
738 313 787 358 ad
824 325 943 373 quem
979 314 1104 359 tendit
1137 315 1329 374 posterior
1363 314 1577 372 tragoediae

132 393 247 438 pars,
295 380 438 424 adduci
490 390 662 439 poterat:
715 383 774 425 sic
817 389 972 424 tantum
1021 389 1130 425 recte
1170 379 1284 440 fingi,
1334 380 1574 440 Iphigeniam

135 454 261 491 morte
303 446 509 492 liberatam
545 463 634 492 esse
677 451 717 491 e't
760 462 783 491 a
827 449 913 491 Diis
955 456 1169 504 receptam.
1245 449 1343 492 Haec
1384 449 1502 504 igitur
1543 450 1578 493 ci

133 513 170 554 in
222 514 351 556 nuncii
405 517 580 557 oratione
633 511 862 573 exponenda
905 523 1039 569 erant,
1085 515 1266 573 sequitur
1301 512 1361 572 id,
1412 527 1463 560 ex
1495 527 1576 575 que

130 577 312 624 nonnulla
359 581 521 639 intelligi
568 592 752 640 possunt,
797 596 888 640 quae
932 594 1120 638 perverse
1164 580 1254 625 ficta
1291 596 1379 625 esse
1413 581 1575 641 quidam

131 648 328 690 criminati
365 657 480 701 sunt,
516 662 603 691 eam
627 649 679 691 ita
705 647 826 691 fuisse
847 646 1153 698 instituendam,
1189 655 1234 690 ut
1257 661 1347 706 quae
1370 648 1420 693 ed
1444 649 1577 693 sacri·—

130 712 264 757 ficium
297 718 540 772 pertinerent
570 729 690 772 quam
725 717 897 758 maxime
928 723 1061 756 essent
1092 714 1142 755 ad
1176 722 1366 759 terrorem
1393 716 1578 770 injicien-

130 779 227 822 dum
262 783 499 839 composita,
532 794 610 838 quo
647 782 775 838 magis
808 781 935 823 virtus
968 789 1091 838 atque
1108 781 1332 825 constantia
1357 779 1579 837 explende-

129 854 285 894 sceret„
345 849 477 905 Atque
513 846 587 891 hoc
621 847 745 890 fuisse
782 856 908 903 poetae
942 846 1166 901 consilium,
1195 846 1274 903 jam
1302 848 1469 890 nuncius
1494 848 1578 904 ipse

130 913 227 956 mihi
271 912 428 956 videtur
470 912 702 971 significare.
770 912 847 964 Qui
889 928 1013 971 quum
1058 913 1184 964 dixit,
1234 915 1278 955 se
1313 911 1500 956 mirabilia
1535 921 1577 956 et

129 977 305 1022 inaudita
338 978 505 1034 afferre,
539 995 562 1022 a
599 978 899 1039 Clytaemnestra
923 978 1103 1025 celeriter
1127 981 1281 1036 negotio
1305 979 1466 1038 defungi
1484 980 1578 1039 jue-b

128 1060 219 1099 sus,
254 1048 308 1091 ita
346 1049 483 1105 incipit
518 1048 755 1102 orationem,
789 1057 834 1090 ut
869 1049 996 1090 omnia
1033 1062 1077 1089 se
1111 1045 1218 1090 dicat
1249 1046 1420 1091 dilucide
1454 1057 1495 1091 et
1524 1046 1576 1093 ab

128 1114 237 1155 initio
272 1115 567 1171 expositurum,
603 1115 676 1155 nisi
711 1116 854 1157 mentis
877 1115 1086 1157 commotio
1111 1112 1283 1170 linguam
1308 1112 1577 1169 perturbave-

127 1181 177 1222 rit
190 1175 233 1237 ¹).
304 1180 396 1233 His,
431 1182 579 1239 opinor,
615 1190 656 1224 et
690 1179 737 1222 ad
779 1180 987 1223 verbosam
1022 1189 1143 1237 etque
1177 1187 1406 1222 accuratam
1428 1192 1575 1224 nerra-

127 1247 275 1288 tionem
311 1249 417 1288 viam
453 1247 527 1288 sibi
559 1249 713 1287 munire
747 1245 835 1287 vult
871 1253 911 1287 et
947 1246 1098 1287 animos
1122 1253 1389 1302 spectatorum
1416 1244 1575 1288 horrore

126 1310 296 1369 quodam
335 1312 477 1368 injecto
512 1311 561 1354 ad
599 1326 722 1354 novas
757 1319 797 1353 et
833 1309 1085 1354 incredibiles
1119 1324 1184 1354 res
1218 1309 1433 1353 audiendas
1465 1325 1576 1369 prae-

127 1391 279 1434 parare.
337 1378 430 1421 Mihi
470 1378 589 1436 igitur
615 1378 700 1420 haec
724 1379 937 1435 ingressio,
974 1390 1094 1434 quam
1120 1378 1157 1420 in
1182 1374 1441 1433 Euripideum
1465 1384 1576 1420 nun—

127 1445 232 1486 cium
269 1445 480 1487 convenire
515 1453 681 1501 negant,
717 1458 790 1487 non
827 1442 942 1486 modo
978 1442 1070 1486 nihil
1101 1443 1338 1501 suspicionis
1372 1444 1442 1486 sed
1468 1443 1579 1487 mul-

127 1517 213 1553 tum
249 1513 370 1554 etiam
405 1509 754 1554 commendationis
790 1509 937 1553 habere
973 1509 1143 1553 videtur.

226 1576 342 1629 Quod
375 1579 407 1620 si
444 1578 728 1620 accuratiorem
765 1574 943 1620 sacrificii
979 1576 1283 1633 descriptionem
1307 1574 1473 1622 reddere
1496 1591 1576 1619 vo-

126 1642 200 1686 luit
226 1650 363 1700 poeta,
397 1645 557 1685 minime
582 1642 804 1685 mirandum
831 1650 910 1695 est,
946 1656 1068 1700 quum
1093 1640 1194 1683 idem
1221 1640 1325 1683 idem
1351 1642 1386 1683 in
1413 1641 1574 1685 Hecuba

126 1708 308 1763 fecisset,
357 1711 390 1753 si
439 1709 477 1751 in
523 1722 655 1768 rerum
702 1723 840 1765 magna
885 1709 1158 1751 communione
1200 1707 1317 1755 etiam
1362 1707 1574 1751 verborum

126 1775 258 1833 aliqua
304 1777 528 1817 intercessit
563 1773 791 1816 similitudo.
859 1773 972 1825 Quod
1011 1788 1057 1816 eo
1094 1772 1246 1816 facilius
1281 1773 1458 1832 Euripidi
1499 1789 1575 1818 usu

129 1843 267 1885 venire
302 1843 448 1900 potuit,
486 1840 590 1900 quod
630 1842 662 1883 is
698 1843 735 1883 in
759 1849 867 1884 certo
902 1840 1071 1898 quodam
1107 1848 1150 1883 et
1185 1854 1319 1883 rerum
1343 1849 1384 1883 et
1407 1848 1575 1884 senten-—

125 1910 272 1949 tiarum
308 1908 420 1950 velut
443 1922 541 1965 gyro
577 1906 809 1965 plerumque
835 1902 1070 1962 versatur').
1103 1949 1109 1952 ,
1135 1905 1226 1957 Quo
1248 1904 1314 1960 fit,
1350 1910 1573 1965 presertim

213 2037 241 2082 ι)
270 2037 486 2084 flartungus‚
521 2039 580 2085 qui
616 2039 649 2073 in
687 2037 750 2073 hoc
785 2037 916 2085 epilogo
952 2038 1183 2088 percensenda?
1209 2037 1367 2085 cupidius
1394 2038 1464 2076 fere
1491 2050 1573 2076 ver·-

124 2097 218 2131 satus
245 2096 318 2140 est,
345 2092 399 2130 hic
427 2090 618 2129 exclamat:
653 2091 721 2130 ''en
751 2094 918 2138 nuncius,
952 2094 1010 2139 qui
1039 2093 1171 2130 ebrium
1199 2105 1237 2130 se
1264 2105 1338 2131 esse
1365 2087 1473 2131 dicat!
1526 2092 1574 2133 At

126 2151 243 2184 tamen
273 2149 337 2183 hoc
364 2148 614 2193 interpolatoris
641 2148 832 2183 modestum
860 2148 903 2182 de
932 2148 1036 2191 ipsius
1063 2151 1139 2182 arte
1166 2149 1297 2193 poetica
1315 2147 1482 2194 judicium
1503 2160 1574 2196 pu-

126 2201 271 2239 tandum
300 2200 388 2238 est.”
444 2200 605 2250 Ejusdem
634 2202 768 2249 generis
795 2201 899 2239 multa
930 2200 992 2239 alia
1021 2201 1138 2249 affert,
1165 2202 1209 2240 ad
1230 2214 1310 2252 quae
1338 2202 1421 2239 nihil
1448 2206 1571 2241 attinet

126 2258 343 2304 respondere.

213 2311 343 2368 ²)'Hoc
370 2321 531 2358 omnibus
558 2320 773 2356 notissimum
802 2324 854 2356 est
881 2330 945 2356 nec
973 2331 1180 2367 quemquam
1210 2320 1261 2357 vel
1290 2321 1432 2359 minime
1459 2323 1572 2360 Eure—

125 2377 225 2425 pidea
255 2386 350 2412 musa
378 2376 549 2412 imbutum
579 2375 694 2421 fugere
722 2378 843 2421 potest.
898 2374 1146 2421 Firnhaberus‚
1179 2377 1239 2422 qui
1267 2377 1331 2412 hac
1358 2378 1571 2422 potissimum

125 2432 262 2468 ratione
288 2435 463 2476 suspectas
491 2434 616 2466 nostrae
643 2429 826 2475 tragoediae
853 2433 967 2476 partes
992 2430 1057 2466 sibi
1077 2429 1313 2468 defendendas
1330 2432 1486 2478 putavit,
1512 2431 1571 2469 vix

124 2486 236 2523 ullum
277 2495 414 2520 versum
457 2485 691 2530 praetermisit,
731 2484 815 2529 quin
853 2483 981 2519 similes
1015 2496 1060 2519 ex
1094 2485 1168 2520 aliis
1194 2485 1363 2531 Euripidis
1390 2485 1571 2531 tragoediis

125 2543 345 2577 coacervatos
372 2538 599 2585 adscripserit.
642 2539 816 2574 Postremo
844 2539 877 2574 in
905 2544 1029 2585 quarto
1056 2549 1287 2586 excursuum,
1310 2548 1400 2586 quos
1426 2533 1571 2576 ad'cal-

125 2606 201 2632 cem
238 2589 315 2632 libri
348 2594 402 2630 sui
439 2593 582 2639 adjecit,
623 2593 875 2639 comparatione
904 2594 1059 2629 instituta
1088 2594 1300 2637 orationum,
1340 2593 1466 2640 quibua
1493 2596 1571 2642 Πρω

126 2650 238 2694 carie,
265 2649 458 2695 Polyxena,
487 2649 709 2693 Menoeceus,
739 2647 932 2693 Iphigenia,
960 2648 1115 2684 Erecbtei
1143 2648 1220 2685 filiae
1247 2646 1289 2685 ed
1308 2648 1572 2686 mrifioiimor-
1610 2656 1614 2659 ¹
