1730 3063
852 165 914 208 38

161 274 340 332 videam,
380 282 531 334 quanto
565 271 703 323 studio,
734 275 788 326 is,
827 283 873 316 ut
906 272 1114 331 splendido
1147 274 1258 317 exitu
1294 271 1448 318 fabulas
1482 289 1612 320 eaor..-

158 351 294 397 naret,
327 341 448 384 deum
480 353 532 382 ex
568 339 748 382 machina
782 340 1025 396 arripuecit..
1051 339 1155 395 Sed,
1189 347 1325 383 utrum
1349 338 1488 384 horum
1513 354 1610 385 m-

161 410 267 451 xitne
300 404 656 465 placueritsillud
689 414 799 449 cene
832 404 1196 449 comedi-:necesse
1231 408 1330 459 erit,
1373 407 1606 464 potuisse-a

158 475 300 517 nuncio
350 472 550 531 epilogum
602 473 685 529 agi,
743 478 785 515 et
828 469 993 524 idcirco,
1045 472 1080 514 si
1128 470 1217 514 haec
1260 471 1471 529 tragoediae
1513 486 1609 532 pnes

157 542 292 597 spuria
324 537 536 595 judicanda
573 539 644 593 sit,
675 536 909 581 criminibus
944 551 995 579 ex
1032 535 1166 592 modo,
1199 551 1280 595 quo
1311 538 1374 581 ille
1398 554 1481 582 rem
1505 553 1606 598 per—-

154 608 302 662 egerit,
347 607 491 648 sumtis
534 618 620 647 eam
664 603 954 647 damnationem
1000 603 1103 646 fieri.
1129 612 1323 661 oportere.
1395 605 1606 664 ‹lam-igi·-

152 681 219 715 tur
252 672 302 716 de
337 674 469 726 vitiis,
504 685 596 730 quae
632 673 668 713 in
705 670 844 728 epilogi
880 679 965 713 tum
1003 670 1124 714 rebus
1158 677 1247 713 tum
1282 671 1416 715 verbis
1449 681 1606 731 reperta

152 748 266 793 sunt,
312 738 558 793 videbimus,
605 737 737 796 qualia
780 739 857 780 sint
900 746 941 780 et
983 750 1065 796 quo
1101 737 1191 793 jure
1234 737 1403 780 alienam
1439 753 1602 782 manum

144 819 366 865 coarguere
401 805 692 848 existimentur.

216 893 349 950 Atque
374 892 545 948 primum
563 887 724 950 quidem
748 886 799 930 ab
818 888 1027 944 Hartungo
1043 887 1358 945 reprehenditur,
1378 887 1483 948 quod
1498 902 1601 932 oon-

148 959 260 1000 tinuo
297 966 385 1015 post
421 956 637 1014 Iphigeniae
671 955 892 997 discessum
929 956 1098 997 nuncius
1133 956 1171 997 in
1207 956 1370 998 scenam
1405 954 1599 1014 prodiisse

145 1022 341 1081 fingatur,
374 1037 496 1082 quum
534 1027 713 1078 tempus,
755 1020 858 1079 quod
897 1022 1118 1078 requireret
1153 1019 1410 1076 sacrificium,
1447 1034 1598 1080 quem-

146 1091 208 1133 vis
243 1088 367 1133 breve
401 1096 531 1145 esset,
576 1087 686 1131 chori
722 1087 852 1147 aliquo
887 1088 1042 1130 cantico
1076 1086 1226 1145 expleri
1264 1084 1475 1145 oporteret.
1546 1089 1597 1132 At

144 1156 232 1199 haec
266 1168 316 1199 ex
351 1159 397 1211 iis
433 1164 756 1211 argumentatur,
793 1168 884 1213 quae
920 1155 1005 1210 ipse
1039 1156 1075 1195 in
1105 1156 1295 1210 proximis
1320 1155 1471 1198 melicis
1494 1170 1598 1198 con-

142 1223 353 1266 stituendis
398 1222 471 1266 sibi
514 1222 712 1280 permisit,
765 1220 855 1276 ubi,
899 1220 1180 1263 violentissima
1228 1235 1418 1264 versuum
1456 1232 1595 1265 trans-

142 1289 352 1345 positione,
389 1292 626 1339 mutatione,
662 1287 1051 1345 expulsione'quum
1088 1296 1314 1330 extremum
1351 1289 1460 1331 ebori
1494 1293 1593 1331 car-

140 1368 230 1397 men
266 1355 486 1412 disjecisset
524 1364 564 1397 et
600 1354 813 1411 Iphigeniae
852 1353 1037 1396 versibus
1071 1352 1253 1396 chorreos
1289 1355 1592 1409 immiscuisset,

137 1481 309 1528 disputat,
344 1483 480 1527 dicens,
514 1483 542 1517 si
570 1482 692 1517 Dianae
721 1481 931 1527 Iphigeniam
967 1481 1010 1516 ad
1038 1493 1075 1516 se
1102 1486 1275 1527 receptam
1302 1492 1378 1517 esee
1407 1484 1476 1529 ipsa
1505 1494 1592 1530 ape-

137 1536 280 1581 ruisset,
309 1536 581 1583 Clytaemnestrae
607 1536 753 1583 gaudii,
770 1546 839 1571 non
866 1535 934 1571 odii
965 1536 998 1571 in
1029 1536 1189 1572 maritum
1218 1546 1294 1572 eam
1315 1546 1454 1574 causam
1486 1538 1589 1574 tuisse

136 1592 306 1637 futuram,
341 1591 434 1640 quod
469 1596 608 1636 contra,
649 1591 677 1626 si
715 1591 858 1626 nuntius
894 1602 967 1625 rem
1005 1595 1195 1637 narrasset,
1239 1595 1274 1626 et
1309 1590 1514 1627 dubitationi
1552 1597 1587 1628 et

135 1644 258 1681 ultioni
295 1645 406 1681 locum
443 1644 602 1692 relinqui.
673 1644 815 1680 Constat
850 1645 961 1691 enim,
1003 1649 1132 1690 quanta
1171 1655 1250 1680 cum
1287 1645 1420 1680 licentia
1459 1646 1493 1682 in
1530 1647 1585 1682 fa-

134 1698 224 1735 bulis
258 1700 473 1747 antiquitatis
516 1699 691 1735 mutandis
726 1698 1078 1746 transformandisque
1114 1698 1294 1746 Euripides
1328 1700 1448 1745 egerit.
1510 1699 1585 1737 Ne-

132 1765 202 1801 que
237 1755 315 1800 plus
351 1753 465 1790 valent
498 1764 580 1800 quae
615 1755 685 1799 ipse
721 1753 928 1799 excogitavit
963 1751 1201 1789 Firnhaberus.
1265 1752 1330 1790 Ubi
1362 1755 1456 1790 enim
1491 1756 1583 1802 apud

132 1807 330 1854 Euripidem
365 1809 542 1843 hominum
580 1807 831 1843 immolationes
865 1808 966 1854 fiant,
1009 1808 1054 1843 ibi
1090 1809 1137 1843 ait
1172 1818 1241 1844 non
1279 1819 1353 1844 esse
1389 1810 1583 1846 misericor-

133 1862 191 1898 des
227 1863 328 1898 Deos.
390 1861 491 1905 Quod
532 1863 560 1897 si
604 1862 658 1897 bic
693 1863 823 1897 tactum
857 1862 1046 1908 antiquitas
1081 1862 1294 1908 tradidisset,
1335 1867 1453 1899 tamen
1488 1863 1582 1901 eliud

129 1927 220 1964 esse,
256 1917 362 1952 Deam
399 1918 503 1963 ipsam
542 1917 804 1952 misericordiam
832 1926 928 1952 suam
959 1920 1142 1963 praestare,
1176 1916 1290 1962 aliud,
1325 1919 1491 1963 virginem
1520 1929 1583 1965 per

127 1969 333 2008 miraculum
368 1973 535 2006 servatam
573 1971 689 2006 videri.
750 1971 785 2006 Si
823 1971 931 2006 Diana
968 1972 1037 2016 ipsa
1075 1972 1134 2006 irae
1163 1972 1397 2007 remissionem
1425 1983 1582 2009 comme·-

128 2029 295 2069 moraret,
329 2034 515 2072 quamnam
546 2030 653 2060 tantae
684 2027 761 2071 irae,
795 2036 876 2071 quae
905 2036 973 2060 non
1004 2026 1067 2060 nisi
1099 2026 1275 2061 innocenti
1304 2026 1475 2072 sanguine
1502 2027 1579 2073 pla—

125 2081 195 2115 cari
231 2085 361 2125 posset,
395 2089 534 2115 causam
569 2078 721 2115 diceret?
777 2078 868 2122 Quid
903 2091 940 2114 se
968 2079 1011 2114 ed
1040 2079 1304 2115 misericordiam
1332 2080 1579 2117 commovisse?

124 2134 203 2169 Non
231 2134 493 2169 lamentationes
527 2134 607 2169 filiae
635 2134 693 2168 sed
724 2131 1064 2179 magnanimitatem?
1120 2133 1321 2180 Hujusmodi
1349 2135 1578 2181 qiiaestiones,

124 2190 151 2224 si
180 2199 234 2225 res
261 2199 279 2224 a
309 2188 437 2225 nuncio
466 2193 669 2233 narrentur,
700 2190 827 2224 nemini
858 2189 890 2224 in
920 2193 1072 2225 mentem
1103 2190 1362 2236 venire-meque
1382 2190 1574 2237 quidquam

123 2244 207 2278 Deae
230 2243 431 2288 dignitatem
462 2243 631 2278 imminui.
688 2244 726 2278 In
756 2243 883 2289 quibus
908 2244 1040 2278 etiamsi
1070 2243 1214 2279 Dianam
1232 2242 1482 2289 Agamemnoni
1503 2245 1577 2281 ire-

122 2302 195 2332 ta·
221 2308 294 2332 esse
321 2298 527 2343 concedam,
555 2297 646 2344 quod
677 2297 773 2332 nullo
802 2297 901 2332 modo
929 2303 1062 2333 certum
1089 2302 1143 2333 est
1171 2300 1268 2344 (nam
1297 2309 1410 2345 neque
1438 2309 1485 2335 ex
1513 2299 1575 2335 bac

121 2351 239 2387 fabula
273 2351 413 2397 intelligi
449 2357 562 2398 potest
601 2357 636 2389 et
672 2352 742 2396 leb.
773 2353 874 2387 Taur.
910 2362 941 2386 v.
973 2354 1022 2387 20
1059 2356 1176 2388 votum
1212 2352 1384 2399 quoddam
1420 2352 1574 2399 Agame-

119 2406 258 2442 mnonis
283 2407 437 2442 sacrificii
465 2417 604 2442 causam
633 2406 737 2441 fuisse
765 2407 920 2451 dicitur),
947 2406 1006 2441 sed
1035 2415 1119 2451 nee,
1146 2408 1322 2454 quomodo
1350 2408 1403 2443 m·
1426 2409 1573 2443 aliorum

119 2461 270 2496 Deorum
313 2462 348 2494 in
389 2461 554 2496 similibus
593 2460 706 2495 causis
745 2460 890 2495 duritias
931 2459 1052 2495 Dianae
1087 2460 1280 2496 clementia
1306 2461 1437 2504 obstet,
1475 2472 1573 2496 aese-

116 2524 221 2561 quor,
256 2514 593 2563 nequefluidquam
627 2514 672 2550 de
707 2513 821 2550 divina
857 2514 1024 2561 dignitate
1058 2514 1252 2551 detractum
1288 2510 1399 2565 putei
1431 2515 1461 2551 si
1496 2515 1570 2552 Dea

115 2571 305 2615 aperuisset
341 2570 452 2616 (quod
481 2569 620 2616 quidem
651 2569 777 2604 nemini
807 2574 938 2615 poterat
968 2570 1093 2604 mirum
1121 2570 1268 2615 videri),
1314 2579 1504 2615 numquam
1526 2582 1569 2607 ee

113 2623 298 2668 Iphigeniae
325 2628 471 2659 mortem
500 2624 662 2669 volui-ae,
690 2624 752 2659 sed
779 2623 853 2659 hmo
882 2624 1018 2668 omnia,
1042 2627 1085 2659 ut
1100 2624 1396 2669 memnonem
1411 2625 1568 2671 puniret,
1617 2659 1621 2665 ,

110 2687 259 2723 pm
1486 2696 1503 2718 ,25
1565 2712 1589 2719 ,.
