1730 3063
834 204 887 249 3⁴

144 328 279 362 utrum
316 318 479 361 Dianam
514 327 563 356 an
599 313 784 356 nuncium
819 313 925 369 (nam
961 311 1014 355 ab
1048 311 1122 354 alio
1155 326 1355 370 quoquam
1391 311 1473 356 fieri
1508 329 1584 370 po-

143 387 269 429 tuisse
304 381 464 438 negant)
500 381 536 421 in
575 379 648 421 hac·-
683 379 896 435 tragoediae
930 386 1042 436 parte
1066 378 1195 420 induci
1218 386 1458 435 oportuerit,
1495 394 1585 422 ma-

143 466 217 507 gna
254 448 448 493 dubitatio
483 455 556 489 est.
626 446 792 488 Dianam
838 445 978 502 probat
1012 442 1315 501 Hermaunus¹).
1384 448 1516 488 »Nam
1551 450 1583 489 si

144 516 311 559 nuncius
356 526 439 553 rem
486 511 670 565 referret,
718 510 812 553 nihil
849 510 911 553 ille
948 512 1020 552 nisi
1055 509 1160 569 quod
1196 518 1328 553 actum
1364 521 1472 554 esset
1508 527 1586 570 po·-

143 590 257 627 terat
282 592 454 623 narrare.
524 580 581 622 lta
618 579 910 637 acciperemus,
951 592 1019 635 per
1055 577 1287 620 miraculum
1325 580 1524 637 Iphigenia
1562 597 1584 623 e

139 657 354 704 conspectu
389 644 565 697 sublata,
605 660 766 688 cervam
799 645 849 688 ad
874 644 1198 702 aram-jacuisse,
1235 646 1479 690 nesciremus
1501 661 1581 691 au-

140 725 240 768 tem,
274 712 376 771 quid
408 712 555 755 factum
591 721 698 755 esset
736 714 904 768 virgine:
941 711 979 754 id
1015 711 1118 770 quod
1159 726 1320 768 prorsus
1355 728 1375 755 a
1403 729 1510 757 more
1541 727 1578 759 et

137 781 223 836 lege
256 778 411 822 Graecae
438 780 650 834 tragoediae
675 778 872 821 abhorret.
915 779 1107 830 Quocirca
1134 778 1363 835 Euripides,
1388 791 1432 823 ut
1454 784 1584 824 satis-

140 847 286 889 faceret
328 845 642 901 spectatoribus,
683 845 848 887 Dianam
885 844 1121 896 introduxit,
1166 845 1284 902 idque
1319 845 1425 888 haud
1461 848 1580 891 dubie

136 915 272 954 statim
317 920 405 967 post
448 911 557 952 illum
601 912 709 953 ebori
758 907 999 969 paemem'),
1047 924 1137 967 quae
1183 913 1366 954 miseram
1412 922 1580 957 matrem

136 978 431 1031 consolaretur,
470 992 544 1019 non
581 980 810 1021 morituram
847 992 936 1020 esse
972 977 1092 1020 filiam
1116 976 1328 1021 affirmans.
1381 980 1475 1022 Haec
1499 983 1580 1037 igi-

136 1055 201 1086 tur
244 1059 319 1086 non
354 1042 479 1087 solum
515 1044 564 1086 de
598 1044 790 1087 sacrificio
824 1044 1068 1099 explicabat,
1119 1058 1196 1100 qua
1237 1046 1274 1085 in
1309 1041 1483 1088 oratione
1516 1047 1578 1089 illa

133 1109 249 1164 dixit,
285 1123 376 1168 quae
411 1119 505 1153 sunt
542 1110 647 1168 apud
683 1105 944 1166 AElianum³),
985 1109 1055 1152 sed
1089 1111 1425 1154 commemorabat
1460 1114 1577 1156 etiam

133 1179 392 1220 ministerium
429 1179 467 1219 in
504 1177 648 1234 templo
681 1192 754 1219 suo
791 1180 826 1218 in
863 1175 1021 1227 Tauris,
1066 1178 1128 1219 cui
1166 1176 1408 1233 Iphigeniam
1444 1179 1577 1222 desti-

131 1253 283 1287 nasset:
326 1256 452 1300 neque
489 1243 742 1302 improbabile
786 1252 868 1296 est,
913 1244 1106 1300 adjecisse
1148 1257 1236 1285 cam
1277 1244 1349 1286 alia
1394 1259 1573 1303 quoque,

131 1324 221 1366 quae
256 1310 304 1351 ad
332 1311 650 1364 Agamemnoniae
674 1310 815 1352 domus
840 1309 916 1351 fata
943 1312 1121 1366 apertius
1154 1310 1296 1350 tectius
1319 1311 1574 1367 significanda

130 1378 416 1433 pertinerent.»
488 1375 632 1420 Eodem
678 1376 781 1418 redit
824 1376 1018 1433 Hartungi
1057 1371 1301 1433 judicium⁴).
1369 1376 1575 1428 Quomodo

129 1442 364 1485 sacrificium
401 1448 674 1499 perpetratum
710 1445 783 1493 sit,
819 1451 863 1484 ut
898 1443 1088 1494 sciamus,
1121 1442 1200 1498 jam
1227 1442 1318 1485 nihil
1339 1457 1439 1500 opus
1462 1458 1572 1499 esse,

129 1522 252 1565 quum
289 1524 339 1552 ex
373 1512 576 1566 superiore
611 1508 739 1552 fabula
787 1507 891 1566 quod
926 1509 1145 1551 satisfaciat
1181 1512 1381 1565 cognitum
1417 1510 1575 1553 habea-

128 1588 240 1626 mus;
291 1578 393 1617 scire
428 1577 532 1616 enim
569 1589 657 1625 nos,
694 1575 884 1616 Achillem
920 1584 1117 1616 armatum
1164 1574 1211 1615 ad
1247 1588 1356 1616 aram
1394 1575 1574 1619 adstitu-

128 1654 235 1696 rum,
271 1649 316 1684 ut
350 1640 613 1698 lpliigeniam,
651 1642 684 1684 si
720 1638 866 1684 consilii
904 1656 992 1683 eam
1026 1642 1305 1698 poenituisset,
1341 1640 1574 1686 defenderet

126 1705 413 1764 liberaretque,
456 1706 700 1763 Iphigeniam
740 1721 832 1748 vcro
868 1705 984 1748 fidem
1020 1708 1106 1762 ejus
1142 1720 1215 1746 non
1251 1720 1340 1748 esse
1376 1707 1570 1765 implora-

128 1780 281 1829 turam,
325 1783 368 1817 ut
412 1788 504 1832 quae
545 1776 660 1831 quasi
708 1787 831 1816 ovans
868 1773 922 1815 ad
957 1772 1195 1819 sacrificium
1229 1772 1382 1816 abierit.
1451 1775 1565 1825 Quod

126 1838 319 1895 reliquum
354 1842 427 1891 sit,
473 1841 637 1882 Graecos
674 1841 861 1896 virginem
899 1853 989 1881 esse
1025 1847 1230 1895 putanteS,
1272 1837 1368 1881 dum
1402 1838 1462 1882 illa
1498 1854 1569 1899 per

123 1912 213 1947 a'era
251 1904 301 1949 ad
337 1906 487 1949 Tauros
521 1905 761 1963 abripiatur,
796 1920 957 1948 cervam
991 1920 1011 1947 a
1052 1907 1170 1948 Diana
1208 1907 1450 1962 suppositam
1487 1909 1568 1949 im-

125 1970 271 2013 molare
315 1980 355 2014 et
398 1974 535 2014 statim
581 1980 670 2027 post
710 1970 945 2014 sacrificium
990 1971 1184 2013 secundos
1230 1980 1368 2013 ventos
1416 1986 1438 2013 a
1484 1972 1566 2016 Diis

123 2038 240 2085 mitti,
267 2047 309 2080 et
352 2047 513 2096 propter
557 2037 631 2079 hoc
674 2036 911 2079 sacrificium
957 2050 1188 2095 prosperum
1233 2046 1420 2080 eventum
1465 2037 1566 2082 bello

123 2100 301 2147 futurum
337 2118 446 2159 esse,
492 2104 565 2146 hoc
606 2118 680 2145 non
719 2105 895 2161 potuisse
936 2103 987 2146 ab
1023 2103 1179 2144 homine
1216 2104 1375 2157 nuncio,
1417 2106 1565 2162 quippe

121 2169 187 2223 qui
210 2162 412 2223 'nesciret,
449 2172 599 2212 narrari
637 2169 706 2211 sed
741 2182 764 2211 a
800 2170 904 2223 Deo,
939 2169 1143 2226 aptissime
1176 2181 1198 2210 a
1229 2169 1348 2211 Diana
1386 2169 1435 2213 ad
1460 2169 1555 2228 Cly-

121 2240 412 2291 taemnestram,
446 2236 522 2279 dici
559 2237 792 2293 oportuisse.

206 2398 233 2441 ¹)
262 2401 357 2437 Praef.
387 2414 419 2448 p.
447 2403 592 2440 XXVII.

203 2462 233 2507 ²)
263 2460 304 2500 v.
338 2470 561 2504 1521—31.
831 2465 858 2511 ³)
887 2464 970 2503 Vide
999 2478 1031 2513 p.
1065 2469 1099 2503 4.

204 2528 235 2571 ⁴)
264 2529 348 2564 Vide
378 2542 410 2576 p.
441 2536 531 2567 270.
573 2533 635 2567 Ed.
665 2531 782 2567 Germ.
837 2531 970 2575 Quibus
999 2533 1033 2567 in
1063 2533 1172 2577 priore
1199 2530 1349 2567 editione
1377 2542 1457 2566 usus
1485 2537 1560 2568 erat

117 2584 346 2631 argumentis,
380 2596 417 2620 ea
450 2587 482 2622 in
513 2587 574 2622 hac
603 2588 726 2633 partim
755 2586 907 2633 paullum
937 2589 1145 2628 immutavit,
1175 2587 1296 2631 partim
1326 2586 1464 2621 uberius
1493 2599 1560 2622 ex-

118 2634 269 2680 plicavit,
311 2642 436 2682 partim
473 2651 559 2676 nova
596 2642 731 2687 adjecit.
787 2640 900 2684 Quare
937 2642 970 2676 in
1010 2643 1066 2686 iis,
1108 2651 1187 2687 quae
1214 2643 1426 2686 sequuntur,
1471 2641 1558 2677 hanc

118 2692 250 2725 tantum
281 2693 510 2737 respiciemus.
