1730 3063
833 161 904 214 ,45

157 265 303 308 ratione
338 263 533 314 afficeret3
585 260 849 320 huic-igitur,
893 265 956 305 cui
995 264 1079 321 ipse
1116 262 1329 318 invideret,
1363 262 1497 322 quidni
1534 267 1600 308 in-

159 329 577 382 teressesssustineret,
611 342 741 389 quum
776 330 1000 387 praesertim
1035 330 1096 372 sui
1133 329 1170 372 id
1206 329 1320 374 officii
1356 343 1446 373 esse
1483 330 1600 373 vide-

157 397 297 441 retur?
355 396 468 437 Nam
511 393 589 437 huc
631 409 726 438 eum
768 394 935 439 vocabat
979 397 1125 453 patria,
1175 405 1217 438 ut
1260 412 1328 454 pro
1370 410 1448 455 qua
1495 398 1600 445 initio

156 462 277 507 verba
323 460 482 505 fecisset
525 475 629 506 nunc
671 476 809 523 preces
852 460 1053 517 funderet;
1100 462 1177 506 huc
1219 477 1386 506 summae
1439 465 1600 507 virtutis

154 529 414 580 existimatio,-
449 537 493 570 ut
527 541 628 585 quas
661 531 941 585 Agamemnoni
979 544 1053 572 non
1088 528 1223 571 liceret
1248 531 1442 572 sustinere
1466 537 1601 588 partes

155 595 397 651 susciperem
434 594 513 637 huc
548 593 725 653 denique
753 597 836 653 ipse
873 595 936 638 ille
969 610 1096 639 amor:
1132 611 1221 639 narn
1258 611 1335 654 quo
1369 596 1440 640 sibi
1465 598 1598 639 sacri-

154 659 285 702 ficium
320 660 501 703 acerbius
527 673 615 703 esse
652 660 859 714 sentiebat,
897 676 943 704 eo
979 663 1103 720 magis
1138 661 1298 720 dignum
1328 676 1371 704 se
1405 661 1596 717 habebat,

154 727 221 784 qui
256 729 350 769 Deae
386 725 577 769 sacrificio
613 727 815 784 placandae
840 731 1014 784 ,gratiam
1054 725 1515 786 populo-precaretur¹).

257 794 326 835 His
360 794 515 847 causis,
550 795 623 836 nisi
651 793 773 851 fallor,
806 793 977 853 efficitur
994 794 1156 836 Achillis
1174 794 1334 854 quidem
1356 795 1501 837 ratione
1521 793 1598 837 ha-

154 857 233 902 bita
272 859 364 902 nihil
402 859 615 913 impedire,
659 874 870 918 quominus
910 874 976 916 ea,
1019 875 1108 918 quae
1147 870 1280 903 narrat
1321 863 1510 913 nuncius,
1547 861 1598 904 ab

157 938 203 967 eo
245 924 347 967 facta
384 922 517 982 sint¹).
589 927 753 969 Accedit
787 935 919 969 autem
956 926 1077 969 altera
1117 929 1214 969 ratio
1249 941 1299 968 ex
1336 929 1419 983 ipso
1458 927 1598 984 epilogi

154 989 335 1044 consilio,
372 990 421 1033 de
457 1006 535 1049 quo
559 1006 678 1049 supra
704 992 854 1035 dictum
879 1001 961 1046 est,
998 993 1131 1050 petita.
1178 994 1279 1035 Nam
1304 1007 1427 1051 quum
1453 992 1597 1035 Achil—

155 1056 212 1098 les
248 1071 321 1101 non
364 1065 497 1115 posset
540 1060 578 1100 in
621 1058 771 1116 epilogo
814 1060 960 1109 omitti,
1005 1057 1096 1101 talis
1141 1060 1321 1101 nimirum
1366 1072 1596 1116 proponen—

153 1121 228 1165 dus
263 1132 366 1180 erat,
408 1132 452 1166 ut
488 1123 537 1167 ad
571 1125 831 1167 constantiam
868 1124 1082 1184 Iphigeniae
1117 1124 1430 1183 amplificandam
1474 1138 1593 1184 quam

154 1189 365 1246 plurimum
401 1191 608 1233 conferret.
677 1192 790 1243 Quod
826 1191 1020 1249 quomodo
1055 1191 1118 1234 bic
1144 1191 1278 1244 faciat,
1315 1200 1497 1248 apertum
1522 1200 1595 1234 est.

150 1254 296 1300 Eodem
332 1259 452 1300 etiam
488 1258 678 1314 pertinet,
720 1255 844 1323 quod,
877 1272 999 1316 quum
1036 1272 1121 1301 mos
1155 1267 1282 1312 esset,
1319 1265 1363 1301 ut
1399 1257 1606 1310 cultrum,

150 1336 228 1379 quo
265 1323 438 1365 ferienda
473 1332 580 1366 esset
616 1325 796 1375 victima,
837 1326 874 1365 in
912 1326 1086 1367 canistro
1123 1324 1223 1366 mola
1259 1333 1299 1366 et
1326 1323 1596 1382 ,velaminibus

239 1452 263 1495 Ι)
291 1452 475 1489 Schillerus
504 1454 537 1489 in
567 1454 863 1497 annotationibus,
898 1464 985 1500 quas
1012 1454 1090 1489 huic
1119 1454 1246 1503 fabulae
1273 1453 1479 1490 Germanice
1507 1465 1595 1490 con-

151 1514 257 1554 versae
281 1507 425 1552 adjecit,
454 1508 487 1542 in
519 1507 659 1543 Achillis
685 1518 828 1553 persona
859 1507 893 1543 id
923 1513 962 1542 ut
988 1509 1103 1543 minus
1132 1508 1219 1543 bene
1249 1508 1447 1543 institutum
1475 1519 1595 1554 repre-

149 1560 286 1608 hendit,
315 1561 542 1608 quodprimo
572 1562 780 1608 Iphigeniam
808 1573 947 1603 servare
976 1563 1066 1609 vult,
1102 1562 1225 1598 deinde
1254 1562 1424 1598 immolari.
1448 1564 1594 1609 permit-

147 1617 199 1651 tit..
257 1616 403 1650 Necesse
437 1627 510 1651 esse
545 1618 636 1652 enim
672 1622 732 1652 aut
767 1617 828 1651 hoc
862 1617 1063 1651 sacrificium
1101 1622 1140 1651 ut
1168 1628 1187 1651 a
1212 1616 1282 1651 Dea
1311 1617 1519 1662 postulatum
1549 1619 1593 1653 ad

150 1669 293 1705 Graeciae
321 1668 464 1704 salutem
495 1671 724 1706 necessarium
753 1671 943 1716 putaverit,
979 1675 1039 1705 aut
1068 1681 1147 1705 non.
1205 1670 1302 1705 Prius
1329 1672 1356 1705 si
1387 1681 1506 1706 verum
1535 1683 1592 1706 es-

147 1729 217 1769 set,
246 1735 422 1771 nunquam
451 1725 616 1760 sacrificio
642 1724 685 1760 ab
713 1736 753 1761 eo
781 1724 1035 1769 obsistendum
1062 1726 1089 1760 si
1120 1725 1282 1770 posterius
1310 1729 1370 1760 aut
1398 1724 1425 1760 si
1454 1725 1497 1760 de
1525 1737 1592 1761 ne·-

147 1779 300 1812 cessitate
330 1777 395 1813 ulla
426 1784 514 1813 esset
542 1779 725 1824 dubitatio,
754 1779 845 1825 quod
875 1779 978 1824 ipsius
1006 1778 1048 1813 de
1078 1779 1210 1813 vatibus
1235 1778 1402 1823 judicium
1437 1780 1481 1824 (v.
1511 1782 1588 1814 956

147 1832 240 1876 —8)
271 1831 417 1879 indicare
447 1832 618 1878 videatur,
648 1833 786 1878 virginis
815 1832 1098 1878 immolationem,
1135 1833 1266 1867 etiamsi
1298 1834 1366 1878 ipsa
1396 1838 1591 1878 expeteret,

148 1885 241 1920 nullo
277 1897 356 1920 eum
392 1891 489 1931 pacto
517 1886 675 1921 debuisse
703 1887 783 1931 pati.
838 1885 953 1928 Quare
982 1891 1238 1931 utrumcunque
1265 1891 1437 1932 sumatur,
1473 1886 1591 1922 Achil-

146 1939 211 1974 lem
246 1939 310 1974 sibi
345 1943 501 1974 constare
537 1950 605 1974 non
642 1951 749 1985 posse.
806 1940 876 1975 Hoc
910 1950 1028 1975 verum
1065 1945 1170 1983 esset,
1204 1941 1232 1974 si
1269 1940 1409 1985 perfecti
1444 1939 1591 1976 bominis

146 1994 293 2040 speciem
330 1994 508 2039 Euripides
543 1995 577 2029 in
607 1992 747 2029 Achillis
782 2005 922 2040 persona
960 1993 1125 2029 finxisset.
1189 1992 1287 2037 Quod
1323 1993 1420 2029 aliter
1453 2006 1490 2030 se
1526 1994 1591 2030 ha-

148 2047 229 2097 bere
248 2046 308 2093 je'x‘
342 2049 399 2093 iis,
436 2058 513 2094 quae
539 2059 638 2094 supra
669 2048 758 2084 dicta
795 2053 876 2083 sunt
909 2052 1059 2094 apparet.
1123 2047 1176 2083 Ab
1206 2048 1267 2083 hoc
1297 2047 1426 2083 Achille
1461 2060 1500 2084 ea
1532 2050 1590 2084 in-

147 2102 338 2136 constantia
368 2112 435 2136 non
467 2104 573 2147 magis
601 2103 708 2137 aliena
738 2108 808 2144 est,
829 2109 945 2148 ²quam
974 2101 1017 2137 ab
1046 2101 1224 2137 Homerico
1254 2101 1308 2136 illo
1337 2103 1427 2148 quod
1459 2103 1503 2138 ob
1531 2104 1589 2138 in-

144 2157 267 2202 juriam
303 2156 365 2191 sibi
402 2156 446 2191 ab
474 2156 729 2202 Agamemnone
757 2156 883 2192 illatam
919 2155 1240 2201 Graeoes-Trojanis
1276 2157 1497 2192 trucidandos
1525 2159 1590 2193 de-

147 2211 229 2245 serit
262 2221 335 2245 suae
370 2211 485 2255 gloriae
519 2210 664 2246 salutem
693 2212 811 2256 patriae
840 2214 1058 2256 postponens.
1114 2208 1201 2252 Quae
1229 2221 1309 2245 vero
1338 2211 1420 2245 dicit
1449 2222 1480 2246 v.
1510 2215 1586 2247 956

146 2266 245 2310 -8,
274 2265 338 2300 nisi
369 2266 428 2300 irae
457 2266 709 2300 excusationem
739 2266 919 2309 haberent,-
955 2264 997 2300 ad
1025 2275 1207 2300 commune
1235 2265 1388 2300 omnium
1418 2266 1586 2311 Euripidis

146 2318 336 2354 fabularum
373 2320 506 2353 vitium‘
526 2320 757 2364 pertinerent,
792 2329 860 2364 quo
895 2319 947 2353 hic
967 2329 1053 2356 suns
1080 2330 1172 2364 saepe
1200 2320 1388 2354 sententias
1417 2320 1585 2354 alienissi-

147 2373 211 2408 mis
239 2373 318 2408 locis
347 2372 539 2408 inculcavit.
595 2372 708 2420 Atque
738 2374 770 2408 in
800 2372 935 2408 vat-ibus
960 2373 1226 2418 perstringendis
1255 2378 1406 2419 constat,
1434 2378 1585 2420 quanto-

145 2438 226 2473 pere
253 2428 376 2462 scenici
406 2432 515 2472 poetae
543 2433 617 2473 post
643 2428 896 2473 Syracusanum
921 2426 1047 2462 bellum
1076 2427 1140 2462 sibi
1168 2427 1370 2473 placuerint.

232 2490 261 2535 ²)
295 2490 385 2527 Satis
413 2492 524 2538 inepta
555 2496 607 2527 est
642 2491 845 2527 Firnhaberi·
873 2491 1104 2538 suspicio-(p.
1135 2492 1245 2538 287),
1280 2490 1443 2527 Achillem
1472 2490 1583 2537 ipsum

147 2545 207 2582 has
239 2546 302 2583 sibi
339 2550 452 2591 partes
486 2548 667 2592 expetiisse
693 2546 886 2592 putandum
915 2557 1007 2592 esse,
1040 2557 1109 2592 quo
1139 2546 1310 2582 meliorem
1339 2546 1477 2590 virginis
1505 2558 1583 2582 ser-

146 2601 266 2636 vandae
299 2600 509 2636 occasionem
547 2600 702 2645 haberet,
738 2601 875 2635 fortasse
909 2600 1012 2635 etiam
1048 2606 1181 2646 poetam
1216 2601 1264 2635 sic
1297 2599 1490 2646 significare
1519 2611 1581 2637 vo-

144 2654 264 2701 luisse,
290 2655 335 2690 ab
362 2666 401 2690 eo
431 2654 595 2701 virginem
625 2655 725 2692 fuisse
752 2654 939 2701 abreptam.
