1730 3063
824 119 882 160 43

127 226 380 286 profectionis
421 225 610 280 facultas,
664 227 757 285 quin
799 225 848 270 ad
897 226 996 269 banc
1042 223 1328 284 impetrandam
1374 227 1572 270 commili-

126 293 283 341 tonibus
315 307 435 338 suum
470 290 642 336 officium
679 287 943 351 praestaret¹).
1011 292 1090 336 Sed
1127 292 1213 334 ideo
1237 290 1475 335 sacrificium
1497 293 1569 338 sibi

106 372 108 376 ·
126 359 416 419 prohibendum
466 358 676 416 censebat,
725 358 830 418 quod
874 368 915 402 et
960 360 1127 402 maxima
1175 360 1236 401 sui
1283 361 1573 416 contemptione

123 430 298 486 egissent
336 424 508 478 Atridae,
551 440 696 485 quum,
744 427 855 468 venia
892 440 939 468 ne
974 440 1054 469 uno
1087 422 1248 482 quidem
1283 423 1405 468 verbo
1440 438 1569 483 expe-

123 495 218 548 tita,
258 493 381 550 ipsius
423 494 576 535 nomine
620 493 681 534 usi
724 502 879 547 essent,
922 501 962 535 et
1004 490 1109 550 quod
1154 504 1293 547 magna
1330 490 1379 534 ad
1415 506 1459 534 se
1501 494 1570 534 in—

123 559 239 605 famia
284 571 336 601 ex
381 558 442 602 illa
479 557 619 603 fraude
651 567 758 602 esset
795 558 1083 613 redundatura,
1127 565 1169 600 et
1203 567 1362 617 propter
1398 557 1572 616 indigni-

123 633 246 668 tatem
283 627 441 680 mortis,
474 638 594 684 quam
633 625 770 682 virgini
807 640 875 684 per
899 627 1071 683 speciem
1099 624 1322 682 nuptiarum
1348 627 1569 679 arcessitae,

123 700 333 750 postquam
366 690 417 735 ad
450 705 561 735 aram
597 690 707 735 velut
740 694 941 735 victimam
968 694 1211 751 rapuissent,
1248 689 1390 733 inferre
1416 692 1451 733 in
1476 693 1570 734 ani-

124 770 188 800 mo
224 754 469 814 haberent’).
538 759 679 815 Itaque
715 768 880 800 matrem
916 766 1097 800 maestam
1130 755 1355 799 consolatur
1382 757 1569 816 juratque

121 837 166 866 se
201 824 291 867 vivo
326 832 387 867 ne‘
406 825 605 867 minimam
629 824 789 883 quidem
814 826 894 866 vim
919 824 1100 868 futurum
1124 831 1168 865 ut
1192 820 1266 866 filia
1292 825 1378 879 eJus
1403 832 1567 882 patere-

122 886 242 948 tur⁸).
311 891 428 933 Prius
462 899 596 933 autem
632 905 751 949 quam
794 890 841 933 ad
880 893 960 934 vim
999 891 1200 943 veniatur,
1235 889 1419 932 admonet
1459 905 1568 947 eam,

121 966 167 1001 ut
202 954 385 1016 precibus
421 958 607 1001 maritum
642 956 780 1011 adeat,
817 960 849 1001 si
887 957 987 1002 forte
1021 957 1096 1002 hac
1128 948 1213 1012 via,
1250 965 1293 999 ut
1326 955 1378 999 ab
1415 958 1570 1015 incepto

121 1023 310 1077 desistat,
358 1027 597 1067 commoveri
645 1027 788 1082 possit:
839 1027 891 1066 ita
936 1024 1038 1067 enim
1088 1037 1131 1065 se
1186 1038 1315 1082 neque
1365 1025 1400 1065 in
1445 1023 1567 1066 Grae-

119 1104 256 1134 corum
300 1089 434 1133 odium
483 1091 733 1133 incursurum
779 1099 819 1132 et
864 1091 1142 1148 Agamemnoni
1192 1092 1320 1132 minus
1365 1091 1564 1133 inimicum

123 1152 356 1213 futurum⁴).
426 1156 503 1200 Sed
540 1171 662 1215 quum
700 1171 827 1215 neque
862 1157 1071 1200 ferociores
1105 1157 1279 1213 conjugis
1314 1156 1565 1199 exhortatio-

119 1236 190 1266 nes
233 1237 305 1266 nec
355 1222 595 1266 mollissimae
639 1237 790 1281 praeces
833 1223 923 1268 filiae
964 1222 1184 1284 quidquam
1228 1222 1483 1281 profecissent
1525 1232 1566 1267 et

120 1291 364 1349 Agamemno
409 1291 461 1332 ita
511 1290 794 1348 respondisset,
847 1300 889 1332 ut
928 1291 1008 1347 jam
1056 1293 1092 1332 in
1130 1288 1277 1332 Achille
1313 1291 1439 1332 omnis
1473 1304 1566 1347 spes

122 1357 197 1400 sita
245 1364 374 1413 esset,
422 1356 484 1399 hic
526 1355 656 1399 denuo
697 1355 858 1400 adx·enit
901 1355 1104 1406 affirmans
1153 1371 1194 1399 se
1244 1370 1334 1415 quae
1370 1355 1567 1414 pollicitus

120 1433 229 1466 esset
264 1425 555 1484 praestiturum,
591 1425 745 1466 etiamsi
782 1439 873 1467 cum
909 1428 991 1478 toto
1024 1423 1096 1466 sibi
1124 1423 1354 1466 Graecorum
1389 1425 1568 1468 exercitu

122 1488 389 1534 dimicandum
423 1488 498 1532 sibi
532 1488 666 1533 foret.-
707 1490 847 1549 Neque
881 1503 1004 1550 quum
1040 1489 1281 1548 Iphigeniam
1319 1496 1450 1534 mente
1487 1503 1565 1532 su—

121 1556 203 1600 bito
238 1565 388 1600 mutata
426 1566 592 1599 mortem
629 1567 880 1614 expetentem
918 1556 1087 1611 videret,
1134 1558 1267 1598 statim
1303 1571 1346 1598 se
1383 1556 1460 1599 fide
1491 1570 1567 1599 so-

123 1621 251 1667 lutum
286 1622 451 1681 putabat
487 1636 650 1677 verens,
685 1637 732 1665 ne
763 1622 949 1679 juvenilis
985 1637 1072 1665 eam
1108 1621 1225 1664 ardor
1264 1631 1304 1664 et
1339 1621 1485 1686 levitas
1515 1621 1565 1665 ad

123 1697 274 1733 tantam
308 1690 495 1749 propositi
531 1690 779 1732 atrocitatem
814 1688 1055 1748 impulisset;
1089 1686 1160 1731 sed
1197 1687 1479 1731 accedentibus
1515 1688 1563 1731 ad

122 1769 210 1810 eas,
263 1771 364 1816 quas
410 1757 518 1814 prius
566 1755 783 1811 babuerat,
834 1770 978 1799 causas
1026 1756 1155 1813 magni
1193 1754 1295 1797 illius
1339 1754 1567 1814 excelsique

124 1823 242 1865 animi
276 1822 535 1866 admiratione
568 1822 816 1881 conjugiique
850 1818 1109 1880 cupiditate⁸)
1144 1836 1190 1865 eo
1225 1823 1367 1880 magis,
1415 1830 1458 1865 ut
1492 1837 1567 1864 co-

207 1961 239 2005 ι)
267 1965 486 1999 v.962—7.
528 1962 580 1998 Ne
608 1968 643 1999 et
671 1962 810 2009 ingenio
837 1960 978 1999 Achillis
1005 1969 1039 1999 et
1067 1965 1118 2009 iis,
1146 1977 1223 2012 quae
1252 1966 1284 2000 in
1314 1965 1388 2003 aliis
1409 1966 1561 2014 ejusdem

123 2017 284 2054 orationis
311 2017 393 2053 locis
419 2017 519 2064 dicit,
548 2021 761 2064 repugnent,
789 2017 850 2053 hos
878 2029 996 2053 versus
1023 2020 1066 2054 ita
1097 2019 1332 2065 intelligimus,
1363 2027 1402 2057 ut
1415 2021 1564 2061 Achilles

123 2071 233 2116 dicat,
260 2072 288 2107 si
315 2070 548 2118 Agamemno,
586 2072 648 2108 hoc
670 2070 769 2107 modo
795 2082 832 2107 se
861 2082 1002 2108 uxorem
1031 2073 1073 2109 ad
1101 2073 1203 2108 filiam
1232 2074 1470 2113 dimittendam
1500 2089 1565 2126 po-

122 2126 289 2163 tissimum
329 2125 555 2173 impulsurum
596 2133 710 2173 ratus,
752 2125 960 2172 Iphigeniam
994 2127 1057 2165 sibi
1089 2139 1165 2165 vere
1193 2129 1447 2179 despondisset,
1489 2140 1563 2171 tum

119 2191 278 2228 sponsam
304 2192 342 2217 se
369 2181 487 2227 patriae
514 2181 616 2219 saluti
645 2181 747 2218 tuisse
774 2180 945 2217 daturum.

206 2244 235 2290 ¹)
264 2257 295 2282 v.
325 2247 552 2284 919—974.
760 2243 791 2294 ⁸)
819 2258 851 2282 v.
875 2247 1073 2294 948—54,
1103 2249 1301 2286 1005—7.

205 2310 240 2354 ι)
268 2322 301 2346 v.
331 2314 554 2347 1015—23.

209 2373 243 2419 ⁸)
270 2376 347 2413 Non
382 2374 492 2415 dicam
527 2387 607 2412 cum
641 2374 844 2422 quibusdam
885 2385 1001 2412 amore
1041 2376 1219 2413 incensum
1262 2389 1335 2415 esse
1377 2378 1563 2422 Achillem:

122 2442 192 2467 non
228 2430 335 2479 quod'
354 2441 433 2465 cum
469 2429 600 2476 epilogo
635 2430 698 2465 hoc
725 2440 880 2476 pugnare
906 2440 1085 2476 censeam,
1119 2431 1179 2467 sed
1206 2433 1297 2478 quod
1325 2438 1359 2469 et
1387 2434 1464 2472 huic
1492 2449 1561 2474 no-

123 2485 207 2522 mini
235 2483 330 2521 l'acile
358 2484 449 2530 plus,
475 2495 580 2532 quam
608 2485 678 2530 ipse
706 2489 804 2531 poeta
833 2484 1011 2532 indicavit,
1038 2485 1216 2533 subjicitur
1243 2491 1278 2522 et
1293 2488 1383 2535 quod
1404 2493 1560 2530 nonnihil

123 2539 271 2576 dubitari
299 2542 426 2586 potest,
454 2549 497 2574 an
520 2537 667 2577 Achilles
695 2539 881 2585 Iphigeniae
905 2538 1026 2575 salutis
1051 2543 1164 2587 potins
1191 2551 1292 2588 quam
1315 2543 1465 2590 conjugii
1495 2559 1560 2584 cu-

124 2594 238 2641 pidate
276 2594 403 2631 ductus
442 2593 531 2630 illam
568 2592 800 2629 conditionem
836 2593 1048 2640 proposuisse
1082 2595 1255 2641 putandus
1279 2596 1341 2640 eit,
1382 2605 1486 2646 etque
1514 2603 1561 2639 ita

123 2658 194 2684 non
221 2649 323 2686 modo
346 2648 422 2696 ejus
448 2648 650 2687 muntia:
670 2646 729 2684 sed
747 2648 854 2685 etiam
875 2658 947 2685 ωε
959 2649 1176 2695 generositati
1189 2650 1366 2689 mulum
1380 2653 1560 2694 addidisse.
