1730 3063
828 139 885 186 ’13

138 253 198 296 sio
231 250 383 304 oblata;
424 250 535 307 prius
557 246 620 293 ab
655 245 844 307 Euripide
887 249 1007 293 etiam
1042 249 1078 291 in
1116 247 1287 325 prolog-is
1321 246 1577 298 observatum

138 317 341 372 videmus,
370 315 596 375 posterius,
632 309 751 375 quod
778 313 830 364 ibi
864 328 958 358 cum
993 313 1123 374 aliqua
1159 317 1272 359 venia
1310 314 1505 374 neglexit,
1538 319 1578 362 in

138 384 212 447 hac
248 382 551 441 Agamemnonis
583 382 777 434 oratione,
820 395 912 440 quae
954 382 994 424 in
1030 382 1156 438 ipsam
1193 380 1364 426 fabulam
1398 383 1577 439 conjecta

137 444 229 519 apte
269 462 360 493 cum
397 446 687 506 superioribus
693 446 907 495 cobaerere
942 445 1104 504 deboet,
1150 462 1225 491 non
1260 446 1367 492 licuit
1402 456 1577 507 praeter-

138 517 309 562 mittere.
366 503 515 573 Neque
560 528 655 558 vero
700 514 1009 572 praetermissum
1055 524 1139 570 est,
1191 513 1305 561 modo
1347 513 1447 559 bene
1486 530 1578 561 me·-

140 582 326 636 minffls,
374 594 637 639 quaecumque
676 592 846 638 persona
893 579 1020 639 aliqua
1057 580 1263 640 loquatur,
1311 595 1356 624 ea
1393 596 1468 625 uon
1502 597 1577 627 so-

136 647 218 691 lum
251 647 405 701 ex'iis,
448 651 539 706 quae
575 647 749 704 proxime
782 645 887 695 dicta
925 654 966 689 et
999 646 1102 691 facta
1136 646 1467 706 sint,'pendere,
1502 646 1573 697 sed

136 729 187 756 ex
223 715 347 772 ipsius
380 727 503 772 quum
539 711 665 756 indole
705 726 752 756 ac
788 712 964 761 moribus
1011 723 1095 758 tum
1131 716 1316 773 praesenti
1351 715 1469 757 animi
1503 716 1572 759 af-

136 779 303 838 fecti-one
346 794 436 825 esse
483 777 707 839 repetenda.
788 779 889 832 Quae
932 779 1062 838 qualis
1104 783 1139 825 in
1177 783 1470 839 Agamemnone
1503 783 1574 839 sit,

132 847 267 890 statim
319 845 370 892 ab
414 846 518 891 initio
569 854 609 888 'et
650 860 723 903 per
765 854 892 888 totum
935 848 1120 905 superius
1162 847 1399 905 colloquium
1435 857 1573 907 aperte

133 921 195 958 est
236 927 259 957 3
290 920 416 973 poeta
459 911 783 959 demonstratum.
860 914 961 971 Nam
1004 928 1128 972 quum
1172 912 1357 957 audimus
1396 913 1574 970 Agame-

135 992 315 1021 mnonem
368 992 420 1020 ex
471 980 649 1022 ministro
699 978 748 1022 ad
795 979 1025 1024 mandatum
1078 979 1356 1039 accipiendum
1407 989 1573 1023 evocato

133 1046 259 1108 noctis
305 1044 440 1088 horam
485 1053 748 1102 quaereutem,
800 1058 919 1102 quam
956 1053 1077 1088 tantae
1111 1045 1315 1089 stellarum
1353 1046 1572 1102 ignoratio-

134 1103 195 1152 nis
231 1124 398 1153 causam
442 1109 563 1153 fuisse
606 1117 813 1174 putamus,
862 1124 953 1168 quae
999 1125 1046 1152 ne
1091 1112 1126 1153 in
1163 1124 1301 1154 servos
1335 1111 1495 1169 quidem
1529 1119 1571 1155 et

134 1176 461 1237 ineruditissimos
513 1175 691 1220 homines
739 1176 892 1221 illorum
943 1185 1166 1252 temporum
1213 1175 1361 1221 cadat?
1433 1178 1574 1242 Nulla,

128 1244 162 1286 si
196 1243 301 1303 quid
348 1242 483 1296 video,
533 1256 622 1289 esse
666 1251 796 1321 potest
838 1242 932 1292 alia
979 1244 1050 1286 nisi
1086 1256 1199 1287 mens.
1232 1257 1388 1289 summo
1423 1258 1570 1302 angore

129 1310 358 1368 perturbata
397 1320 518 1369 atque
551 1318 768 1365 commota,
800 1324 892 1369 quae
926 1309 1148 1354 oculorum
1158 1309 1341 1354 sensibus
1361 1308 1571 1375 diffidat¹).

127 1377 212 1420 Nec
248 1378 376 1420 minus
412 1378 449 1417 in
483 1364 742 1433 sequentibus
777 1390 822 1418 ea
857 1376 1067 1417 commotio
1101 1376 1240 1419 elucet.
1292 1378 1394 1420 Nam
1429 1391 1452 1426 3
1488 1381 1569 1421 mi-

124 1442 249 1487 nistro
291 1441 340 1488 de
374 1438 578 1494 stellarum
623 1443 755 1500 positu
798 1442 941 1486 certior
985 1441 1133 1498 factus,
1178 1457 1249 1486 rex
1291 1444 1569 1500 cogitationum

125 1523 289 1551 suarum
325 1523 488 1550 cursum
526 1522 768 1565 persequens
804 1522 874 1550 nec
899 1507 1019 1555 ,illum
1045 1511 1256 1566 respiciens
1287 1511 1468 1566 queritur
1492 1526 1570 1555 no-

126 1571 202 1620 ctis
235 1573 437 1635 silentium
472 1569 941 1637 tranquillitatemque⁸);
977 1573 1109 1618 adhuc
1143 1577 1247 1619 enim
1271 1573 1458 1633 sperabat
1482 1579 1568 1636 ori-

126 1650 259 1684 turum
294 1654 383 1682 esse
420 1649 603 1690 ventum,
648 1642 714 1696 qui
753 1642 961 1687 imminens
997 1641 1216 1715 periculum
1252 1649 1454 1684 averteret
1487 1656 1569 1687 an-

124 1708 280 1766 xiaeque
315 1704 546 1752 dubitationi
584 1704 703 1757 finem
736 1706 973 1766 imponeret;
1004 1705 1085 1763 jam
1110 1707 1213 1751 omni
1234 1721 1306 1766 spe
1329 1703 1566 1765 destitutus,

123 1773 332 1818 consilium
371 1773 581 1830 aliquando
626 1774 701 1814 sibi
745 1787 836 1814 esse
876 1772 1113 1828 capiendum
1159 1772 1348 1828 intelligit.
1417 1774 1566 1817 Deinde

125 1836 189 1886 illo
223 1837 479 1891 admonente,
528 1847 593 1893 ut,
638 1837 758 1882 rebus
798 1837 1036 1897 tranquilliS,
1081 1838 1181 1882 intro
1226 1837 1407 1894 redeant,
1450 1842 1565 1898 Aga-

125 1919 303 1959 memno,
346 1905 460 1962 quasi
497 1904 589 1946 nihil
625 1904 814 1957 audierit,
860 1918 934 1945 non
981 1903 1031 1945 ad
1066 1904 1151 1958 ejus
1187 1905 1307 1946 verba
1355 1906 1566 1962 respondet

120 1969 194 2033 sed
228 1969 392 2023 oblitus,
430 1968 676 2022 utvidetur,
713 1967 904 2023 mandati,
939 1966 1045 2028 quod
1068 1977 1155 2012 erat
1181 1968 1369 2025 daturus,
1406 1985 1566 2016 sermo-

123 2051 214 2083 nem
248 2037 297 2080 ad
319 2037 533 2081 diversam
561 2035 768 2083 hominum
804 2035 1065 2082 conditionem
1097 2038 1316 2091 convertit,
1350 2052 1475 2094 quum
1499 2039 1566 2081 fe—

121 2100 217 2150 lices
251 2101 439 2161 praedicat
474 2116 562 2158 eos,
597 2102 665 2161 qui
699 2101 848 2159 inglorii
881 2109 922 2143 et
958 2099 1147 2157 ignobiles
1183 2100 1304 2144 vita‘m
1339 2105 1426 2149 sine
1449 2107 1564 2163 peri-

120 2167 221 2214 culis
254 2177 465 2227 peragant,
499 2183 636 2213 eorum
671 2177 820 2211 sortem
843 2169 1074 2220 miseratur,
1107 2167 1254 2224 quibus
1279 2168 1448 2213 honores
1472 2185 1564 2214 ma-

133 2342 135 2344 ,
208 2309 235 2355 ¹)
269 2310 490 2348 normannus
524 2314 684 2347 vexatam
719 2310 807 2349 hanc
832 2309 930 2355 regis
963 2309 1195 2355 quaestionem
1233 2321 1265 2346 v.
1296 2315 1319 2348 6
1356 2327 1401 2351 ex
1436 2316 1559 2362 negotii

118 2365 304 2402 mandandi
333 2370 455 2402 natura
486 2365 610 2413 repetit
638 2368 810 2412 negatque
838 2364 936 2400 aliam
963 2374 1050 2409 opus
1078 2375 1150 2400 esse
1178 2375 1329 2407 causam
1364 2370 1409 2407 At
1436 2382 1474 2406 ea
1495 2370 1560 2406 de-

117 2419 224 2458 clarat
252 2420 509 2464 tantummodo,
542 2431 605 2457 cur
632 2430 694 2455 rex
722 2419 766 2455 ita
794 2418 987 2466 quaesierit,
1029 2429 1098 2455 non
1130 2419 1300 2468 quomodo
1334 2427 1410 2464 sine
1436 2425 1562 2461 absur-

119 2466 225 2517 ditate
252 2479 289 2511 et
316 2477 403 2524 risus
431 2477 582 2521 periculo
610 2475 644 2511 id
671 2474 744 2509 fieri
772 2474 935 2519 potuerit.

202 2564 232 2609 ²)
261 2572 385 2609 οὔκουν
420 2581 452 2606 v.
484 2572 532 2606 10
569 2570 679 2617 potius
713 2567 756 2604 ad
787 2579 846 2615 ea,
882 2568 961 2616 quae
990 2569 1094 2617 ipsius
1121 2570 1208 2617 regis
1235 2568 1388 2605 animum
1417 2569 1558 2629 tenent,

116 2629 220 2664 quam
248 2623 290 2685 ad
318 2625 472 2668 proxima
499 2629 591 2659 senis
620 2623 720 2659 verba
751 2623 968 2668 respondent.
