1730 3063
833 131 895 172 32

242 236 336 280 Haec
379 235 460 279 fere
505 244 620 288 sunt,
665 235 810 294 quibus
854 237 1032 278 nostrum
1076 236 1274 295 epilogum
1320 235 1384 279 vel
1431 244 1591 293 propter

140 316 367 361 personam,
401 315 493 359 quae
528 315 621 344 eum
657 311 767 359 agat,
807 316 880 344 non
912 315 1144 360 germanum
1169 315 1277 357 esse,
1311 315 1439 361 neque
1464 302 1591 345 Euri-

143 369 276 428 pidem
309 368 442 411 facere
478 371 674 427 potuisse,
708 371 802 428 quin
840 371 974 412 Dianae
1009 369 1082 411 has
1119 378 1251 426 partes
1275 368 1486 422 tribueret,
1520 369 1591 411 ef—

140 436 258 479 ficere
301 445 506 480 conantur.
586 437 765 488 Quorum
813 446 999 479 neutrum
1046 435 1146 477 satis
1181 434 1305 479 firmis
1341 436 1481 478 nititur
1516 443 1591 478 ar-

140 503 350 558 gumentis.
422 504 523 545 Nam
572 517 663 561 quae
708 502 804 545 Deae
850 505 1118 545 interventum
1165 501 1395 545 desiderare
1430 502 1589 554 dicunt,

139 583 183 609 ea
220 568 413 624 ejusmodi
451 579 564 621 sunt,
613 577 656 610 ut
690 570 833 626 partim
879 582 900 610 a
940 568 1080 610 nuncio
1115 566 1197 610 fieri
1234 569 1403 624 possint,
1449 569 1588 625 partim

139 632 189 676 ad
236 633 337 676 hanc
383 634 624 691 tragoediam
673 634 763 677 nihil
807 650 908 691 opus
951 636 1042 677 sint.
1113 635 1293 690 Namque
1328 635 1592 691 Iphigeniam,

139 714 262 757 quum
301 702 338 742 in
375 713 564 756 generoso
598 700 762 742 consilio
801 701 850 742 ad
890 709 1113 743 extremum
1149 709 1470 756 perseverasset,
1506 708 1591 743 tum

140 776 343 809 servatam
380 780 469 808 esse
505 780 634 825 neque
670 768 793 809 Deam
831 768 1026 809 innocenti
1051 769 1242 822 sanguine
1266 768 1591 819 contaminatam,

143 832 216 875 hoc
252 842 296 875 ut
332 832 617 890 explicaretur,
656 841 696 874 et
733 832 877 875 fabulae
916 833 1013 875 ratio
1040 831 1226 889 poscebat
1250 840 1290 872 et
1318 833 1593 890 unusquisque

143 907 413 956 spectatorum
451 898 648 956 cupiebat.
719 898 863 943 Utrum
917 901 954 942 in
1000 898 1153 941 coelum
1197 907 1237 940 et
1279 899 1449 941 Decium
1492 913 1593 942 coe-

143 974 229 1008 tum
266 968 376 1023 virgo
412 974 570 1022 recepta
596 974 723 1020 esset,
758 966 864 1023 quod
892 974 1004 1023 putat
1029 967 1196 1007 nuncius
1221 973 1261 1006 et
1283 964 1360 1005 affi
1366 975 1454 1006 mat
1480 969 1593 1020 Aga-

144 1045 319 1083 memno,
356 1045 405 1073 an
430 1032 466 1072 in
491 1031 784 1073 Chersonesum
808 1031 1014 1074 Tauricam
1053 1037 1301 1084 transvecta,
1337 1037 1382 1073 ut
1407 1030 1459 1073 ibi
1484 1038 1596 1074 tem-

144 1095 207 1157 plo
243 1098 379 1142 Dianae
416 1107 628 1155 praeesset,
671 1098 776 1156 quod
824 1113 873 1141 ex
908 1100 1071 1141 Taurica
1108 1097 1328 1154 Iphigenia,
1373 1111 1493 1155 quam
1527 1098 1595 1140 fa-

143 1164 278 1206 bulam
314 1164 502 1206 docuerat
542 1166 677 1220 paucis
713 1173 804 1207 ante
840 1167 953 1206 annis
989 1163 1092 1205 idem
1118 1170 1254 1221 poeta,
1290 1165 1394 1205 sumi
1418 1172 1594 1222 poterat;

145 1227 195 1273 de
232 1228 291 1274 his
328 1229 448 1274 rebus
484 1232 678 1273 neminem
714 1230 833 1274 credo
867 1233 983 1274 nimis
1017 1232 1172 1274 curiose
1205 1232 1433 1287 quaesiisse,
1470 1245 1594 1288 quum

145 1311 232 1338 eam
244 1330 255 1351 ,
287 1299 373 1339 sive
410 1299 447 1338 in
483 1296 592 1338 coelo
616 1307 723 1338 esset
747 1300 835 1339 sive
867 1300 904 1339 in
932 1299 1069 1348 terris,
1108 1298 1281 1339 Deorum
1305 1296 1597 1354 quodammodo

144 1364 292 1406 sociam
327 1378 416 1406 esse
453 1371 493 1405 et
529 1373 664 1420 postea
701 1363 832 1407 divino
858 1358 1310 1419 honore-celebratam¹)
1334 1365 1466 1406 sciret.
1511 1365 1597 1406 De-

148 1429 237 1471 inde
274 1432 307 1472 si
343 1428 438 1487 quid
474 1430 523 1471 de
561 1429 695 1472 futuro
729 1430 830 1472 bello
868 1429 1164 1486 praedicendum
1203 1429 1297 1482 suit,
1344 1429 1379 1470 id
1418 1443 1596 1488 quoque,

146 1504 190 1539 ut
226 1497 326 1539 satis
360 1504 486 1549 esset,
527 1510 596 1554 per
626 1497 816 1540 ,nuncium
854 1495 937 1539 fieri
976 1497 1125 1553 potuit,
1160 1504 1202 1538 et
1237 1511 1280 1538 re
1318 1510 1410 1538 vera
1446 1495 1597 1539 factum

144 1559 271 1618 est¹);
307 1576 435 1619 neque
469 1565 576 1603 enim
612 1572 672 1604 est
697 1561 1090 1618 reprehendendum,
1123 1562 1227 1618 quod
1266 1564 1298 1603 is
1334 1561 1385 1603 de
1407 1561 1596 1605 secundis

146 1630 278 1672 ventis
315 1635 470 1671 tantum
507 1637 547 1671 et
585 1627 684 1672 felici
720 1628 981 1688 profectione,¹
1026 1643 1116 1687 quae
1152 1627 1367 1686 Iphigeniae
1402 1627 1597 1672 sacrificio

146 1704 259 1752 parta
303 1698 402 1748 sint,
448 1697 630 1751 exponit,
676 1695 769 1737 nihil
812 1695 862 1737 de
905 1695 993 1737 belli
1040 1702 1208 1745 eventu,
1257 1697 1324 1752 qui
1361 1694 1473 1752 longe
1509 1695 1598 1738 aliis

146 1763 199 1804 sit
233 1762 368 1804 causis
403 1759 645 1803 efficiendus.
717 1762 895 1819 Denique
930 1760 1033 1820 quod
1069 1759 1118 1803 de
1154 1760 1299 1804 futuris
1325 1763 1600 1836 Agamemno-

149 1830 224 1868 niae
260 1827 401 1868 domus
446 1827 538 1868 fatis
580 1827 672 1869 nihil
715 1827 767 1869 ab
803 1827 920 1884 hujus
957 1826 1098 1883 epilogi
1140 1829 1335 1885 scriptore
1373 1827 1500 1884 potuit
1536 1829 1598 1871 si-

146 1891 340 1951 gnificari,
375 1892 480 1936 laudi
515 1894 649 1951 potius
685 1892 937 1937 tribuendum
974 1907 1063 1936 esse
1098 1902 1215 1952 put0,
1248 1893 1352 1952 quod
1380 1908 1455 1937 non
1481 1903 1600 1938 tran-

147 1959 405 2018 quillitatem,
454 1974 573 2017 quam
618 1962 809 2003 attulerat
855 1961 972 2017 hujus
1018 1959 1229 2017 tragoediae
1264 1962 1422 2015 exitus,
1472 1961 1599 2004 inutili

149 2026 360 2080 malorum,
397 2040 488 2085 quae
526 2025 603 2069 huc
641 2027 733 2070 nihil
771 2028 1014 2085 pertineant,
1051 2029 1424 2070 commemoratione
1452 2028 1600 2070 turba-

150 2097 219 2135 vit.
273 2095 356 2135 Nec
395 2095 521 2149 magis
559 2108 696 2135 verum
734 2104 793 2135 est
829 2094 999 2136 alterum
1024 2092 1141 2148 illud,
1176 2092 1281 2151 quod
1305 2101 1440 2136 contra
1467 2095 1599 2138 nuncii

121 2156 356 2218 'personam
393 2158 569 2217 disputat
606 2160 856 2214 tim-tungus,
901 2174 945 2203 ea
983 2160 1136 2214 dicens,
1170 2174 1261 2218 quae
1295 2159 1346 2202 ab
1381 2175 1428 2202 eo
1464 2160 1600 2204 afferri

149 2234 330 2284 possent,
371 2227 450 2283 jam
495 2239 544 2267 ex
581 2226 898 2282 praecedentibus
943 2228 1030 2284 ipsa,
1058 2228 1170 2284 sequi
1207 2241 1334 2285 neque
1368 2225 1486 2269 ullam
1520 2226 1600 2269 de-

149 2292 326 2336 siderare
370 2292 681 2350 explicationem.
760 2293 859 2344 Quis
903 2295 1027 2345 enim,
1074 2295 1143 2350 qui
1189 2293 1429 2350 Iphigeniam
1464 2307 1599 2335 amore

152 2361 246 2401 vitae
281 2356 512 2415 flagrantem
550 2367 712 2415 repente
747 2367 900 2401 mutato
935 2361 1066 2401 animo
1102 2373 1192 2401 cum
1229 2359 1376 2414 gaudio
1408 2359 1601 2416 jugulan-

150 2426 241 2468 dam
287 2438 332 2468 se
365 2424 520 2468 tradere
556 2425 754 2481 audisset,
797 2427 1017 2484 praesertim
1058 2440 1182 2484 quum
1221 2426 1422 2469 levitatem
1459 2425 1600 2469 adole-

151 2495 314 2535 scentiae
359 2506 492 2534 secum
531 2501 754 2549 reputaret,
797 2508 872 2535 non
907 2492 1067 2547 eadem,
1112 2507 1190 2550 qua
1222 2492 1417 2547 Achilles,
1458 2494 1599 2551 suspi-

244 2633 270 2675 Ι)
300 2633 383 2670 Vide
411 2635 437 2670 1.
467 2634 505 2669 T.
538 2645 566 2669 v.
592 2634 693 2670 1462
723 2645 773 2680 sq.
1017 2631 1051 2681 ²)
1079 2633 1116 2669 v.
1148 2635 1424 2670 1591—1601.
