1730 3063
853 139 909 182 211

144 262 341 310 >quuntur
385 252 498 309 plana
542 258 647 293 sunt.
724 249 825 291 Nam
868 235 908 292 et
952 250 1252 306 Agamemnonis
1292 252 1357 294 illa
1390 251 1602 294 verborum

165 319 318 363 eodem·
339 316 589 362 redeuntium
626 316 873 358 coacervatio
909 331 945 357 v.
977 316 1217 360 1128—32:

405 390 523 448 ὄνομ’
557 389 633 436 οὐκ
666 393 790 451 ἔργον
824 396 1021 452 παρέχων
1050 393 1232 450 Ἀχιλεύς

405 467 481 515 οὐκ
514 471 602 514 οἶδε
634 471 796 527 γάμους
829 470 925 516 οὐδ’
958 473 1037 523 <zu
1069 474 1311 531 πράσσομεν

404 547 501 592 οὐδ’
532 548 597 591 ὅτι
630 551 754 608 κείνῳ
789 547 914 592 παῖδ’
949 551 1187 609 ἐπεφήμισα

404 629 632 683 νυμφείους
663 628 722 677 εἷς
755 625 959 680 α’γκώνων

402 701 529 754 εὖνοὶς
560 705 758 748 ἐκδώσειν
790 705 987 763 λέκτροις,

166 793 253 837 haec
283 807 361 851 quo
396 801 550 850 spectet
587 802 768 850 apertum
804 803 885 836 est:
922 803 964 837 ut
1000 796 1107 835 senis
1142 796 1271 836 errori·
1302 809 1351 836 ex
1387 797 1600 853 superioris

163 860 394 903 narrationis
429 858 687 915 ambiguitate
734 869 819 903 orto
855 875 924 902 rex
961 861 1072 917 plene
1116 875 1162 902 ac
1200 861 1372 917 perfecte
1407 861 1593 904 medere-

161 933 237 967 tur.
307 927 356 967 Et
407 939 527 983 quum
569 938 717 979 'seneX,
757 928 819 968 cui
863 928 1010 968 residet
1049 926 1111 968 ille
1151 927 1381 984 scrupulus,
1433 937 1594 970 utrum—

159 1005 236 1049 que
272 992 418 1035 δεινόν
447 991 804 1047 comprehendens,
837 1002 876 1035 et
911 993 1012 1050 quod
1050 994 1288 1049 Agamemno
1324 1009 1360 1035 v.
1396 996 1454 1036 98
1491 1009 1591 1051 pro-

159 1068 345 1115 posuerat
380 1066 419 1100 et
453 1056 557 1115 quod
594 1058 677 1115 ipse
714 1073 749 1100 v.
780 1057 889 1112 427,
927 1058 1020 1101 dicit
1059 1075 1093 1101 v.
1126 1059 1215 1101 432
1253 1074 1330 1119 sq.:

418 1134 540 1177 δεινά
572 1151 620 1186 γε
651 1135 810 1189 τολμᾷς
836 1133 1100 1191 Ἀγοέμεμηιον
1135 1137 1247 1187 ἄναξ

418 1214 465 1262 ὃς
497 1214 558 1271 τῷ
588 1214 657 1270 τῆς
690 1214 801 1271 θξᾶς
835 1212 911 1270 σὴν
944 1214 1066 1257 παῖδ’
1096 1215 1254 1269 ἄλοχον

417 1292 599 1347 φατίσας
632 1288 727 1346 ἦγες
761 1290 946 1347 σφάγιον
979 1296 1163 1341 Δαναοῖς

154 1377 269 1421 facile
303 1375 551 1432 intelligitur,
589 1389 639 1417 ex
673 1391 740 1430 ea,
774 1391 891 1434 quam
921 1392 989 1420 nos
1017 1380 1238 1435 sequimur,
1272 1375 1487 1433 explicandi
1517 1391 1587 1418 ra-

155 1446 260 1487 tione
295 1443 486 1500 potiorem
523 1443 605 1482 vim
643 1443 728 1497 ejus
763 1456 851 1484 esse
886 1444 1110 1498 sententiae,
1144 1457 1233 1500 quae
1270 1445 1305 1484 in
1341 1444 1591 1500 participium.

155 1510 327 1566 conjecta
365 1506 596 1551 secundaria
635 1508 803 1551 videtur.

254 1574 332 1620 Sed
376 1574 577 1632 quaesierit
611 1576 828 1632 quispiam,
869 1588 993 1633 quare
1028 1578 1184 1618 omnino
1220 1574 1338 1618 talem
1374 1576 1477 1617 senis
1512 1589 1584 1616 er-

155 1659 283 1688 rorem
335 1641 492 1685 finxerit
536 1650 672 1698 poeta,
723 1657 844 1699 quum
880 1645 1017 1699 paucis
1055 1643 1187 1686 verbis
1223 1642 1368 1685 additis
1402 1657 1446 1685 ea
1484 1657 1583 1699 per-

153 1711 362 1770 spicuitate
407 1721 491 1749 rem
535 1721 731 1766 exponere
777 1717 928 1766 posset,
983 1719 1027 1751 ut
1073 1708 1202 1751 nullus
1246 1708 1475 1751 dubitationi
1517 1707 1581 1750 lo·-

152 1793 224 1822 cus
260 1776 563 1833 relinqueretur.
616 1774 657 1817 Id
684 1790 730 1817 eo
754 1775 913 1818 consilio
936 1776 1083 1819 factum
1109 1791 1195 1818 esse
1222 1777 1397 1827 videtur,
1436 1786 1478 1817 ut
1500 1776 1581 1831 jam

153 1844 215 1886 hic
257 1841 541 1900 significaretur
585 1840 873 1899 efferreturque
909 1840 967 1894 id,
1010 1842 1121 1899 cujus
1158 1843 1370 1884 maximum
1407 1841 1581 1883 futurum

152 1919 257 1952 esset
294 1917 533 1951 momentum
579 1906 628 1948 ad
663 1910 783 1949 totius
819 1907 962 1951 fabulae
996 1919 1270 1964 argumentum
1306 1908 1580 1963 explicandum

108 1973 112 1977 ’
151 1975 200 2019 ad
236 1988 429 2033 eumque,
474 1986 553 2031 quo
586 1972 792 2026 tendebat,
835 1975 985 2017 exitum
1025 1973 1308 2016 adducendum.
1384 1974 1483 2017 Nam
1521 1973 1582 2015 Α-

151 2041 276 2084 chillis
313 2043 581 2093 interventus,
624 2043 711 2097 qui,
754 2039 821 2082 ubi
858 2055 908 2082 ex
945 2040 1095 2082 illorum
1131 2039 1294 2082 artificio
1327 2054 1411 2081 suae
1446 2039 1582 2095 digni-

101 2099 106 2107 *
152 2109 222 2150 tati
260 2105 388 2150 labem
423 2105 607 2162 adspergi
642 2104 803 2161 viderit,
835 2108 1134 2162 Agamemnonis
1167 2115 1206 2147 et
1237 2113 1391 2147 cunctae
1414 2104 1581 2148 Gr-aeciae

150 2172 342 2216 voluntati
378 2171 571 2215 obsistere
606 2174 839 2225 constituet,
884 2174 917 2214 is
951 2182 1034 2227 est,
1074 2173 1139 2229 qui
1175 2180 1215 2214 et
1250 2180 1429 2214 coactum
1468 2172 1573 2229 lphi-

148 2241 273 2297 geniae
308 2238 539 2282 sacrificium
574 2238 739 2296 impedit
774 2247 814 2281 et
851 2239 1110 2282 voluntarium
1149 2239 1251 2281 facit.
1312 2238 1389 2281 Sed
1424 2239 1473 2280 de
1507 2238 1579 2280 hac

148 2320 193 2348 re
229 2304 407 2364 pluribus
441 2305 540 2347 infra
578 2303 743 2348 dicetur.

248 2373 441 2424 Quoniam
479 2374 597 2428 igitur
632 2372 681 2413 de
717 2374 783 2424 iis,
829 2387 918 2429 quae
956 2374 991 2414 in
1028 2373 1328 2429 Agamemnonis
1366 2372 1575 2412 orationem

147 2438 310 2498 ejusque
345 2453 435 2481 cum
472 2437 621 2496 reliquo
656 2438 811 2497 prologo
842 2441 1152 2482 convenientiam
1178 2449 1287 2482 erant
1312 2439 1445 2489 allata,
1480 2438 1578 2479 satis

146 2565 320 2627 liberiores
347 2572 511 2614 anapaesti
540 2569 802 2616 Agamemnonis
830 2571 1015 2607 orationem
1036 2575 1239 2617 sequantur,
1267 2571 1300 2606 hi
1321 2575 1435 2606 tamen
1459 2580 1579 2605 omnes

147 2631 236 2665 regis
270 2627 370 2666 sunt,
404 2623 504 2668 cujus
538 2630 690 2670 permoto
718 2626 831 2660 animo
859 2626 983 2670 optime
1011 2626 1238 2668 conveniunt3
1278 2636 1384 2659 senex
1413 2625 1578 2669 legitimos

146 2678 268 2711 servat.
298 2693 351 2703 —
378 2676 422 2712 Et
451 2689 481 2713 v.
514 2680 588 2715 547
619 2678 737 2716 eodem
766 2691 878 2716 errore
907 2679 982 2717 libri
1010 2679 1171 2716 exhibent
1201 2682 1382 2729 μαινομέιί
1409 2684 1564 2732 οἴστρων.
