1730 3063
831 147 889 189 50

233 254 428 307 Quoniam
468 254 585 312 igitur
621 255 659 296 in
695 254 837 312 epilogi
866 263 907 296 et
930 253 1052 297 rebus
1078 262 1119 296 et
1140 255 1345 297 sententiis
1368 267 1444 297 non
1472 255 1587 299 modo

135 321 253 372 nihil,
296 319 400 378 quod
438 330 508 362 aut
544 334 616 378 per
649 333 696 363 se
729 322 907 377 ineptum
944 328 1051 363 esset
1078 327 1156 362 ³aut-
1190 329 1283 363 ante
1316 321 1417 363 actis
1443 314 1586 365 minus

133 395 387 445 congrueret,
426 386 496 431 sed
533 388 662 429 omnia
694 394 848 430 etcum
885 386 946 430 his
971 385 1162 444 'partibus
1196 396 1237 430 et
1260 389 1376 430 inter
1398 399 1455 429 'se
1492 390 1585 445 epte

131 455 369 497 cohaerentia
415 462 465 495 et*
501 452 702 510 Euripidis
737 452 1016 495 consuetudini
1049 455 1322 495 convenientia
1359 460 1400 495 et
1433 453 1482 496 ad
1518 453 1589 496 ἰε-

132 519 262 564 bulam
313 518 623 563 concludendam
668 521 890 562 necessaria
938 518 1132 571 vidimus,
1174 519 1384 578 'reliquum
1426 529 1488 562 est
1533 519 1582 563 ad

130 587 233 630 hanc
258 588 517 646 quaestionem
556 584 862 645 profligandam,
898 593 943 629 ut
978 585 1028 629 de
1066 587 1242 628 metricis
1278 588 1415 640 vitiis,‘
1439 585 1587 645 quibus

129 654 304 697 nonnulli
341 652 608 695 adulterinum
645 667 745 706 opus
782 667 871 695 esse
905 654 1144 695 convincere
1185 652 1415 707 voluerunt,
1458 659 1584 711 pauca

130 719 324 763 dicamus.'
364 718 613 778 Quamquam
650 720 716 777 qui
754 728 884 762 cetera
924 720 1085 762 crimina
1123 719 1379 776 reJ'ecei-imus
1414 734 1463 762 ne
1492 719 1585 763 huic

128 785 288 845 quidem
325 787 500 827 omnium
538 787 801 828 incertissimo
835 785 1136 843 levissimoque,
1176 784 1283 843 quod
1318 792 1358 827 et
1393 785 1592 828 facillima

129 851 356 909 explicandi
396 852 547 894 ratione
583 850 679 893 dilui
720 853 843 909 possit
878 865 950 894 nec
987 852 1113 907 magis
1150 853 1187 893 in
1225 852 1330 893 bunc
1355 850 1486 894 locum
1509 863 1586 894 ca-

129 919 195 961 dat
241 932 361 976 quam
409 919 446 959 in
491 918 588 960 alios
633 918 878 974 complures,
932 916 1108 960 tribuere
1152 917 1322 967 multum
1360 931 1584 975 possumus,

130 986 270 1043 Neque
300 998 395 1026 vero
424 984 494 1038 iis,
528 986 594 1043 qui
621 983 881 1027 adulterantis
907 981 1033 1027 fraudi
1056 982 1287 1026 ¹maluerunt
1311 996 1429 1042 quam
1454 982 1583 1027 libra-

128 1055 276 1094 riorum
308 1052 431 1092 errori
469 1064 725 1092 numerorum
761 1054 998 1107 pravitatem
1034 1048 1181 1102 deberi,
1215 1063 1339 1107 quum
1375 1049 1480 1092 unde
1503 1050 1584 1092 ÷fa⁴-

126 1125 238 1160 ctum
262 1118 333 1170 sit,
367 1125 413 1160 ut
445 1115 608 1159 dimidia
636 1115 715 1158 fere
742 1130 834 1175 pars
857 1116 997 1176 epilogi
1023 1128 1117 1159 sane
1154 1115 1364 1159 luculentis
1396 1114 1582 1161 versibus

128 1184 273 1239 scripta
312 1185 564 1239 reperiretur,
607 1183 806 1239 explicare
838 1190 1089 1234 conarentur,
1135 1184 1310 1239 ipsorum
1347 1184 1583 1225 commentis

127 1249 245 1292 fidem
280 1247 412 1291 facere
447 1249 622 1306 contigit.
680 1247 811 1307 Atque
844 1249 1074 1306 Hartungus
1098 1247 1258 1307 quidem
1283 1257 1324 1290 et
1348 1247 1419 1290 Ed.
1445 1248 1580 1303 Cant,

124 1330 174 1358 ex
213 1329 381 1374 quorum
427 1317 623 1357 sententia
661 1315 916 1372 interpolator
953 1314 1015 1356 ille
1042 1314 1179 1357 *deleto
1214 1314 1366 1372 epilogo
1401 1313 1452 1358 eb
1491 1316 1581 1358 Eu-

124 1381 252 1440 ripide
295 1382 443 1438 scripto
488 1396 601 1435 eum,
646 1395 764 1441 quem
811 1396 915 1424 nunc
958 1380 1174 1433 habemus,
1219 1382 1271 1441 ite
1307 1381 1494 1436 confecit,
1536 1390 1581 1424 ut

123 1447 173 1490 ad
224 1461 293 1490 eas
343 1450 493 1489 veteris
535 1447 682 1505 epilogi
727 1456 884 1505 partes,
934 1460 1025 1505 quae
1068 1447 1271 1505 proposito>
1313 1461 1386 1489 suo
1428 1449 1581 1490 servire

125 1513 366 1564 viderentur,
403 1513 502 1556 alias
538 1515 681 1571 partim
717 1527 768 1555 ex
803 1513 965 1556 Hecuba
1001 1515 1214 1556 arcessitos
1239 1515 1382 1570 partim
1407 1512 1579 1572 abipso,

124 1588 169 1622 ut
212 1586 366 1637 posset,
420 1579 630 1622 fabricatas
673 1578 882 1635 adjiceret,
934 1578 1001 1621 ubi
1049 1593 1191 1621 versus
1239 1578 1323 1621 illos
1368 1594 1420 1622 ex
1455 1579 1580 1623 altero

120 1646 277 1704 epilogo
312 1652 489 1687 retentos
525 1645 699 1687 indicare
735 1644 895 1700 volunt,
938 1659 1014 1687 non
1046 1645 1128 1702 jam
1163 1646 1435 1701 consentiunt,
1477 1645 1578 1689 alius

120 1712 217 1754 alios
252 1721 437 1753 servatos
470 1708 760 1766 existimans¹).
806 1711 1035 1754 Matthiaeus
1068 1720 1203 1753 autem
1239 1726 1291 1753 ex
1317 1720 1399 1754 toto
1426 1711 1578 1770 epilogo

122 1777 217 1821 nihil
255 1777 432 1835 Euripidi
479 1776 704 1836 relinquens
739 1792 759 1820 a
797 1776 1059 1836 scriptoribus
1101 1785 1222 1821 aetate
1264 1776 1446 1822 diversisv
1484 1792 1576 1822 eum

122 1845 344 1902 profectum
379 1844 528 1900 censet,
565 1854 608 1887 ut
632 1860 670 1888 v.
695 1844 951 1889 ⁴539—50
978 1844 1145 1887 fortasse
1168 1847 1288 1887 etiam
1319 1843 1575 1888 4554—58

122 1911 273 1968 antiqui
310 1909 516 1966 cujusdam
551 1918 681 1968 poetae
715 1912 814 1966 sint,
863 1910 1015 1969 reliqua
1053 1907 1346 1967 recentioris¹),
1382 1921 1500 1970 quern
1537 1920 1575 1955 et

121 1977 268 2020 illicitis
304 1977 517 2033 anapaestis
554 1979 651 2018 mire
687 1973 972 2033 delectatum⁸)
1015 1984 1057 2019 et
1092 1977 1252 2019 vocales
1287 1979 1481 2035 ancipites
1505 1992 1580 2037 pro·

122 2042 286 2086 arbitrio
322 2057 427 2085 nunc
462 2042 596 2102 longas
633 2058 737 2087 nunc
772 2042 917 2087 breves
954 2038 1141 2098 fecisse⁴)
1176 2051 1217 2085 et
1251 2053 1419 2087 accentu
1452 2045 1576 2104 pedes

123 2105 390 2165 dimensum¹⁵>
424 2119 465 2152 et
502 2112 734 2167 positionem
773 2105 1071 2167 neglexisse⁸),·
1107 2112 1237 2152 omnis
1278 2109 1449 2168 denique
1492 2126 1576 2155 nu-

125 2190 323 2218 merorum
359 2176 550 2219 doctrinae
587 2175 700 2233 plane
736 2178 915 2233 ignarum
955 2177 1075 2219 fuisse
1112 2175 1220 2219 dicit.
1283 2176 1335 2219 At
1360 2178 1393 2219 si
1412 2186 1575 2237 propter

122 2242 216 2285 talia
254 2245 389 2285 statim
429 2243 597 2286 velimus
633 2243 867 2301 subjectoris
902 2243 1055 2286 odorari
1093 2245 1338 2302 praestigias,
1377 2243 1433 2301 (id
1467 2244 1573 2303 quod

213 2412 354 2504 ¹)9Vide
391 2415 559 2462 Hartung.
597 2416 659 2451 Ed.
695 2417 769 2452 Lat.
805 2428 837 2463 p.
869 2419 968 2462 2523
1004 2417 1067 2452 Ed.
1095 2415 1214 2453 Germ.
1246 2416 1347 2460 2⁷⁵3
1381 2414 1444 2451 Ed.
1473 2415 1572 2451 Cant.

123 2478 154 2513 p.
186 2473 234 2504 22
266 2495 275 2504 .

205 2528 240 2575 ¹)
269 2533 354 2569 Vide
383 2534 502 2569 Matth.
531 2544 563 2580 p.
591 2535 682 2570 407.

202 2596 239 2641 ⁸)
270 2597 353 2634 Vide
379 2600 424 2637 ad
454 2612 485 2635 v.
517 2601 634 2637 1546.
655 2643 669 2650 .‚
760 2648 763 2651 Δ
965 2599 1002 2647 ⁴)
1031 2600 1117 2637 Vide
1145 2599 1188 2636 ed
1217 2611 1247 2636 v.
1279 2604 1395 2637 1562.

203 2660 237 2708 ⁸)
267 2662 351 2699 vide
379 2650 421 2699 ad
452 2675 482 2699 v.
516 2657 630 2701 1575'.
666 2653 676 2662 ²
954 2663 990 2711 ⁸)
1020 2658 1105 2701 Vide
1133 2664 1176 2701 ad
1205 2675 1238 2705 v.
1271 2666 1389 2702 1549.
