1730 3063
849 181 907 222 36

156 283 385 342 Talthybio,
436 293 480 328 ut
514 283 603 328 filiae
638 293 803 327 mortem
841 295 995 339 narret,
1044 286 1183 330 eodem
1219 301 1263 329 se
1299 288 1429 344 premij
1461 288 1601 331 timore

154 351 275 394 dicat.
344 352 506 394 Horum·
538 365 661 394 unum
704 365 754 393 ex
798 349 934 393 eodem
981 350 1088 394 fonte·
1122 361 1243 411 atque
1281 351 1380 395 illud>
1410 354 1449 394 in
1487 350 1602 411 prin-

156 418 257 474 cipio
293 418 464 474 positum
499 416 704 460 derivatur
738 417 862 474 (patet
898 419 1014 470 enim,
1050 419 1083 460 si
1121 420 1345 476 proximum
1368 417 1477 461 chori
1503 433 1602 462 car-

107 539 111 542 ,
157 496 244 526 men
288 485 485 539 integrum
532 492 735 526 servatum
779 486 854 536 sit,
910 491 1069 540 tempus
1112 499 1187 526 non
1230 485 1403 528 defuisse
1443 483 1601 542 clytae-

156 556 343 592 mnestrae
379 557 419 592 et
455 549 574 592 filiam
612 549 734 592 oculis
769 548 1031 608 prosequendi
1072 557 1113 592 et
1148 551 1186 592 in
1221 549 1380 593 domum
1417 549 1601 607 redundi)

153 628 200 657 ac
236 628 285 656 ne
319 617 449 674 ipsum
486 614 645 674 quidem
686 629 824 657 verum
860 624 931 659 est.
989 617 1089 658 Nam
1115 619 1421 659 consentaneum
1449 620 1600 659 naturoe

152 689 236 731 est,
275 681 454 724 homines
489 695 644 723 summo
680 680 811 723 dolore
846 694 1076 740 oppressos,
1122 681 1188 724 ubi
1226 681 1318 723 nibil
1354 682 1524 740 amplius
1557 694 1601 724 se

153 746 402 806 profecturos
437 746 674 805 intelligant,
710 756 750 791 et
785 746 1020 806 adspectum
1058 748 1163 805 ejus,
1197 747 1300 806 quod
1338 748 1601 803 doleant,.et

152 814 355 857 hominum
390 813 522 857 oculos
559 808 796 872 refugere¹).
869 814 1046 858 Alterum
1086 825 1218 858 autem
1254 828 1428 857 errorem
1465 817 1600 859 conti-

153 890 221 924 net
258 884 376 923 etiam
410 882 671 937 apertiorem,
715 897 787 924 nec
824 882 936 924 facile
980 896 1217 940 quemquam
1270 882 1416 937 fugisse
1461 882 1593 924 credi-

150 947 307 1001 deram,
351 947 529 990 homines
571 947 794 990 calamitate
840 947 1063 1006 perculsos,
1108 948 1174 991 ubi
1209 946 1341 990 aditus
1375 949 1457 1005 spei
1494 963 1597 990 non-

151 1013 247 1057 dum
294 1023 470 1071 tempore
523 1013 654 1057 factus
705 1016 774 1066 sit,
826 1012 1017 1073 quidquid
1073 1016 1161 1057 novi
1213 1012 1423 1066 acciderit,
1468 1016 1596 1057 omnia

150 1080 233 1122 fere
277 1079 327 1122 ad
372 1079 475 1122 mala
521 1080 680 1122 referre.
755 1081 890 1132 Quare
934 1080 1051 1135 hujus
1093 1079 1230 1137 epilogi
1275 1081 1457 1136 scriptori
1503 1080 1596 1122 nihil

150 1160 251 1204 opus
285 1153 373 1188 erat
408 1144 459 1187 ad
496 1145 699 1189 Hecubam
736 1147 938 1203 refugere,
972 1146 1040 1188 sed
1081 1148 1205 1204 ipsius
1239 1155 1278 1187 et
1316 1145 1481 1188 aliorum
1518 1146 1597 1188 ho-

148 1213 301 1255 minum
345 1220 535 1255 naturam
572 1214 776 1271 inspicere.
844 1213 969 1272 quue
1011 1208 1067 1256 eo'
1102 1214 1243 1270 magis,
1292 1211 1395 1271 quod
1433 1215 1470 1255 in
1507 1213 1597 1256 He-

149 1278 252 1322 cuba
288 1278 379 1322 nihil
418 1279 544 1322 simile
581 1281 815 1336 reperisset,
853 1294 946 1334 nec,
981 1280 1120 1333 credo,
1158 1280 1328 1336 reperiet
1363 1281 1593 1338 quisquam,

149 1346 221 1387 nisi
258 1343 513 1404 praejudicata
548 1346 680 1402 opinio
717 1347 857 1404 ingenii
893 1347 1017 1389 aciem
1053 1347 1269 1389 exacuerit.

251 1424 340 1465 Jam
385 1425 617 1480 priusquam
661 1421 708 1463 ad
754 1437 822 1476 ea,
876 1436 967 1480 quae
1017 1430 1259 1480 sequuntur,
1304 1420 1595 1477 progredimur,

148 1501 277 1546 pauca
322 1487 601 1546 praemonenda
645 1488 830 1532 videntur
877 1498 960 1531 tum
1006 1488 1055 1530 de
1100 1488 1287 1530 universo
1333 1488 1464 1529 nuncii
1498 1502 1595 1530 ora-

149 1556 266 1596 tionis
318 1554 489 1600 consilio,
530 1562 615 1596 tum
669 1554 718 1596 de
774 1554 987 1599 verborum
1037 1552 1313 1609 similitudine,
1361 1566 1452 1611 quae
1502 1553 1593 1596 huic

147 1623 240 1663 cum
275 1619 360 1663 aliis
384 1619 592 1678 'Euripidis
629 1620 723 1664 locis
758 1622 946 1679 imprimis
980 1621 1153 1663 Hecubae
1179 1619 1403 1673 intercedit,
1440 1635 1487 1663 ne
1511 1635 1595 1663 sae—

146 1689 238 1743 pius
272 1686 411 1728 eadem
450 1687 661 1744 repetendo
694 1690 809 1730 nimis
844 1689 995 1730 molesti
1028 1690 1165 1728 simus.
1218 1688 1345 1743 Atque
1363 1700 1485 1743 quum
1511 1695 1594 1729 tres

147 1761 302 1804 essent,
355 1751 405 1794 de
447 1752 594 1810 quibus
637 1746 683 1796 ut
727 1754 764 1796 in
809 1754 961 1812 epilogo
1004 1753 1268 1810 explicaretur
1311 1754 1394 1810 ipsa
1449 1752 1592 1796 fabulae

148 1826 287 1861 natura
313 1817 556 1876 postulabat,
592 1819 814 1877 iphigenia,
849 1819 1035 1872 Achilles,
1071 1821 1324 1875 Agamemno,
1358 1818 1407 1860 de
1435 1818 1508 1871 illa,
1543 1834 1593 1861 ex

146 1898 223 1943 qua
262 1885 401 1927 horum
445 1884 605 1946 agendi·
631 1888 730 1928 ratio
766 1887 974 1944 penderet,
1022 1884 1235 1927 videndum
1271 1893 1353 1938 est,
1396 1885 1591 1944 quomodo

148 1966 211 1992 res
256 1953 406 1993 institui
463 1951 655 1994 debuerit.
736 1952 933 2011 iphigenia
982 1954 1120 2009 igitur,
1166 1964 1285 2008 quam
1339 1966 1467 2010 neque
1513 1966 1591 2008 pa-

147 2019 232 2060 triae
269 2018 389 2074 gloria
426 2031 472 2059 ac
509 2017 669 2061 libertas
706 2033 832 2076 neque
870 2019 1111 2076 periculum,
1149 2017 1251 2075 quod
1282 2032 1308 2059 ·a
1344 2012 1591 2075 congregatis

147 2082 313 2127 Graeciae
346 2082 531 2140 gentibus
568 2084 782 2127 incredibili
819 2085 1017 2142 pugnandi
1065 2084 1280 2140 cupiditate
1313 2084 1479 2126 incensis
1515 2083 1590 2126 sibi

147 2151 309 2208 suisque
354 2147 661 2208 impenderet¹)‚
713 2150 762 2193 ad
808 2160 974 2194 moztem
1020 2148 1283 2207 oppetendam
1320 2159 1591 2206 permoverat,

148 2228 270 2272 quum
316 2215 491 2270 Ulixem,
537 2225 580 2258 ut
626 2232 669 2258 se
705 2216 974 2269 abstraheret,
1017 2230 1107 2258 cum
1147 2214 1333 2258 militibus
1369 2217 1588 2284 appropin-

145 2295 269 2339 quare
302 2281 500 2335 audisset,
536 2297 738 2341 quumque
773 2282 982 2335 Achillem,
1023 2280 1220 2340 lapidibus
1255 2280 1483 2325 Graecorum
1522 2283 1590 2324 vix

146 2343 345 2403 elapsum,
389 2357 433 2390 ut
477 2362 521 2390 se
563 2350 667 2392 nullo
713 2351 1008 2393 necessitudinis
1050 2350 1208 2391 vinculo
1242 2362 1333 2390 cum
1370 2349 1453 2405 ipso
1486 2362 1589 2390 con-

141 2413 320 2470 junctam
368 2413 418 2457 ab
460 2415 614 2474 indigna
662 2432 758 2459 nece
801 2426 1001 2472 servaret,
1051 2417 1195 2472 majora
1248 2415 1364 2458 etiam
1413 2413 1585 2473 pericula

232 2550 267 2614 J),
290 2553 339 2613 Ita
371 2552 497 2614 lleracl.
521 2569 550 2593 v.
566 2559 656 2605 604,
685 2569 791 2605 quum
822 2562 965 2598 Macaria
996 2562 1189 2610 obducitur,
1219 2561 1329 2599 Iolaus
1357 2567 1459 2608 caput
1485 2574 1585 2598 suum

145 2616 268 2652 operari
293 2614 404 2653 jussu.

230 2669 264 2713 ¹)
295 2672 377 2712 Vide
405 2685 484 2722 quae
511 2675 671 2714 admonet
701 2677 910 2725 Agamemno
940 2693 970 2717 v.
1003 2684 1225 2718 1255—75.
