1730 3063
836 102 898 147 Η»

145 226 245 271 opus
276 214 339 267 sit,
376 213 596 272 praesertim
630 210 820 259 adhibitis
853 213 912 268 iis,
945 226 1037 272 quae
1070 220 1162 256 ante
1196 209 1247 254 de
1284 212 1468 255 universo
1493 212 1587 269 epi-

146 277 229 335 logi
254 279 413 323 consilio
447 278 746 337 explicavimus.

233 346 331 391 .13ω
367 342 576 390 audiamus
609 347 796 389 nuncium
829 343 1009 388 sacrificii
1046 352 1261 402 apparatus
1286 342 1587 388 describentem.

144 410 441 468 »Talthybium
479 413 625 469 inquit,
661 412 798 467 »cujus
832 412 904 452 hoc
929 419 1032 453 erat
1039 424 1205 461 munuS,
1242 412 1278 452 in
1305 409 1434 453 medio
1456 419 1587 464 stans,

146 486 191 521 ut
223 477 366 532 linguis
401 477 553 520 faveret
586 486 625 519 et
661 476 859 520 silentium
895 477 1042 520 faceret
1076 477 1297 528 exercitus,
1343 490 1589 534 pronuncia-

146 543 226 596 bat.
294 542 461 587 Calchas
503 552 617 586 vates
661 545 697 586 in
746 558 866 586 aureo
908 544 1079 585 canistro
1126 545 1255 599 posuit
1297 551 1457 586 acutum
1497 542 1590 600 gla-

147 608 257 653 dium
301 623 323 651 e
367 611 506 666 vagina
547 605 779 667 eductum¹)
814 619 854 652 et
887 617 1008 667 caput
1044 608 1184 666 puellae
1227 611 1438 652 coronavit.
1504 611 1589 653 Pe-

147 674 196 718 lei
240 674 345 718 filius
387 684 543 729 autem,
584 679 757 718 canistro
798 675 913 718 simul
949 690 1040 717 cum
1077 689 1178 732 aqua
1215 685 1396 734 acce-pto,
1437 678 1588 719 circum

148 755 257 784 aram
294 741 388 785 Deae
422 744 603 784 cucurrit
636 741 832 799 simulque
867 741 952 784 liaec
988 749 1174 796 precatus
1208 750 1289 784 est:
1326 741 1497 783 serarum
1524 743 1590 784 in-

149 806 352 851 terfectrix
391 809 534 861 Diana,
568 808 678 850 Jovis
714 806 812 860 filia,
847 821 938 865 quae
961 805 1109 849 claram
1136 806 1259 854 [acem
1286 816 1405 850 noctu
1430 821 1588 861 versas,

148 874 285 930 accipe
316 874 417 916 hanc
452 876 673 926 victimam,
708 888 827 931 quam
864 874 932 915 tibi
965 873 1107 914 damus
1129 875 1329 915 exercitus
1353 873 1590 916 Achaeorum

147 946 188 981 et
223 939 465 995 Agamemno
501 954 593 993 reX,
629 953 650 982 a
689 939 865 997 pulchrae
901 939 1059 995 virginis
1082 937 1180 981 collo
1204 938 1397 983 illibatum
1421 942 1590 996 sangui-

149 1020 266 1059 nem,
300 1014 342 1047 et
375 1005 490 1048 classi
524 1005 696 1048 concede
731 1007 1015 1060 navigationem
1049 1018 1281 1060 prosperam
1318 1004 1522 1063 nobisque,
1549 1016 1592 1050 ut

150 1071 274 1127 Trojae
320 1072 522 1126 Pergamis
559 1071 671 1114 basta
709 1079 918 1127 potiamur.
988 1069 1137 1113 Atridae
1171 1079 1210 1112 et
1245 1072 1443 1114 exercitus
1482 1080 1591 1117 totus

147 1145 344 1180 steterunt
367 1137 491 1180 oculis
515 1139 552 1180 in
577 1147 723 1186 terram
748 1136 896 1180 defixis.
930 1135 1126 1180 Sacerdos
1149 1146 1281 1180 sumto
1300 1137 1444 1180 deinde
1459 1138 1591 1196 gladio

152 1211 336 1261 precatus
368 1211 430 1246 est
458 1203 720 1262 jugulumque
746 1201 999 1260 inspiciebat,
1035 1201 1100 1245 ubi
1128 1202 1272 1245 feriret.
1314 1203 1404 1248 Mihi
1430 1204 1590 1263 quidem

150 1278 191 1313 et
225 1268 335 1313 dolor
369 1285 445 1312 non
481 1269 690 1313 mediocris
724 1273 898 1312 animum
923 1268 1046 1312 subiit
1072 1278 1113 1312 et
1137 1271 1268 1327 capite
1292 1272 1385 1313 steti
1408 1271 1594 1316 demisso.-

151 1336 249 1380 Tum
268 1335 398 1380 subito
408 1332 442 1394 ²)
465 1335 699 1380 miraculum
719 1334 978 1393 objiciebatur
995 1334 1128 1378 oculis.
1141 1351 1160 1376 »
1203 1337 1246 1378 ln
1268 1336 1329 1379 his
1348 1335 1459 1400 plura
1478 1348 1596 1395 sunt,

151 1417 241 1460 quae
280 1403 486 1446 manifesta
521 1404 775 1459 corruptricis
809 1403 973 1460 licentiae
1005 1403 1167 1459 vestigia
1203 1415 1420 1460 coarguere
1444 1404 1593 1447 dicun—

153 1477 229 1513 tur.
266 1469 440 1512 Primum
459 1470 576 1521 enim,
611 1477 655 1510 ut
678 1466 730 1511 ab
753 1482 798 1510 eo
824 1469 1021 1525 incipiam,
1052 1467 1157 1526 quod
1176 1477 1216 1511 et
1237 1470 1513 1524 gravissimum
1532 1481 1595 1516 est

154 1543 195 1577 et
228 1538 399 1578 omnium
436 1536 606 1577 maxime
636 1534 833 1591 epilogum
858 1543 1090 1590 suspectum
1118 1533 1306 1586 reddidit,
1343 1534 1594 1580 absurdissi-

155 1615 263 1647 mum
285 1600 482 1659 plerisque
501 1602 630 1644 visum
648 1608 722 1654 est,
754 1599 856 1658 quod
883 1602 920 1642 in
948 1600 1021 1643 hoc
1037 1599 1229 1643 sacrificio
1247 1600 1438 1657 ejusmodi
1458 1612 1593 1660 partes

152 1665 256 1710 datae
291 1678 383 1710 sunt
420 1666 582 1719 Achilli,
618 1680 737 1724 quem
772 1674 864 1708 ante
899 1668 936 1708 in
973 1666 1048 1708 bac
1083 1665 1209 1708 fabula
1250 1666 1506 1723 vidissemuS,
1549 1679 1594 1712 ut

154 1732 395 1791 Iphigeniam
432 1741 634 1788 servaret,
668 1734 796 1776 omnia
829 1740 1039 1791 expertum
1075 1746 1164 1775 esse
1198 1742 1238 1775 et
1272 1731 1409 1775 eodem
1434 1736 1594 1779 consilio

155 1799 247 1842 illuc
269 1814 426 1858 quoque
450 1800 627 1851 venisse;
662 1800 776 1855 cujus
801 1800 855 1841 rei
881 1812 1042 1842 causam
1066 1798 1212 1840 nullam
1238 1801 1352 1841 aliam
1372 1813 1461 1843 esse
1478 1816 1594 1860 posse

153 1927 267 1963 tinent
301 1927 393 1963 enim
423 1926 495 1963 haec
523 1929 625 1965 verba
662 1938 732 1964 non
761 1927 804 1963 ad
832 1928 1006 1974 proximos
1033 1928 1118 1964 duos
1146 1938 1262 1964 versus
1288 1928 1348 1964 sed
1375 1929 1417 1964 ad
1446 1930 1596 1976 priorem

152 1981 314 2018 orationis
348 1986 499 2027 partem:
534 1987 573 2018 ut
609 1985 642 2019 in
679 1988 750 2018 tam
779 1983 906 2019 usitato
934 1984 1175 2029 interjectionis
1202 1984 1357 2028 exemplo
1386 1985 1468 2020 nihil
1509 1996 1597 2033 opus

151 2036 197 2072 sit
223 2046 303 2071 cum
332 2035 539 2073 Firnhabero
566 2041 756 2091 νικηφόρου
785 2042 900 2089 δώρου
926 2037 969 2073 ab
997 2037 1169 2083 Iphigenia
1192 2037 1234 2072 de
1255 2048 1292 2071 se
1314 2038 1444 2074 dictum
1462 2045 1595 2085 putare.

151 2119 157 2124 ·
216 2099 245 2145 Ι)
273 2100 322 2135 Ita
351 2104 513 2137 vexatum
542 2102 634 2137 hunc
662 2103 773 2137 locum
802 2103 983 2146 vertimus,
1011 2102 1244 2137 Hermannum
1271 2103 1401 2149 secuti,
1429 2105 1488 2150 qui
1509 2108 1597 2144 σηά.

155 2169 215 2194 σαι
243 2157 424 2206 φᾶςγανον
445 2159 578 2196 ἔσωθεν
599 2160 730 2195 κολιῶν
759 2157 1022 2202 interpretatur:
1048 2154 1242 2202 '’gladium‚
1270 2157 1329 2203 qui
1359 2158 1453 2194 intus
1467 2165 1539 2194 erat
1561 2160 1595 2195 in

158 2211 297 2255 vagina,
332 2209 411 2243 inde
446 2209 659 2245 extrahere?
713 2210 848 2246 Scilicet
874 2216 1006 2250 ἔσωθεν
1035 2210 1122 2245 idem
1151 2210 1221 2245 fere
1248 2211 1339 2256 quod
1371 2217 1408 2250 ἐκ
1435 2217 1597 2259 putamus

154 2262 354 2310 significari,
388 2263 452 2298 etsi
487 2263 702 2301 describendi
737 2264 884 2313 quadam
921 2266 952 2301 vi
987 2265 1127 2301 dictum.
1162 2284 1217 2292 —
1252 2264 1481 2304 Firnbaberus
1507 2268 1597 2304 Har-

156 2324 264 2366 tungo
298 2318 505 2362 assentiens,
545 2325 678 2359 ἔσωθεν
713 2321 806 2357 aliud
841 2332 944 2368 quam
981 2321 1187 2356 intrinsecus
1214 2332 1287 2356 esse
1316 2332 1412 2367 posse
1440 2325 1596 2370 neganti,

155 2381 303 2421 mama„
328 2373 421 2420 quod
449 2373 492 2409 ab
519 2378 567 2412 ἔσ.
591 2379 653 2413 κολ
679 2375 838 2421 seJungit,
866 2374 956 2411 idem
984 2386 1058 2411 esse
1086 2374 1160 2411 vult
1186 2376 1277 2423 quod
1310 2381 1446 2426 λαβεῖνς
1477 2378 1596 2425 inquo

157 2435 193 2467 et
227 2429 344 2466 lexicis
381 2427 583 2464 contradicit
621 2433 655 2464 et
689 2429 818 2475 allatis,
860 2430 987 2477 quibus
1020 2441 1117 2465 suam
1160 2431 1363 2466 sententiam
1405 2431 1597 2469 confirmari

158 2486 262 2530 dicit,
303 2482 467 2528 exemplis
505 2480 576 2526 (Or.
607 2484 723 2529 1148,
754 2485 878 2530 1457,
919 2485 945 2520 1.
972 2485 1012 2520 T.
1043 2487 1134 2526 322)
1170 2485 1240 2530 ipse
1272 2494 1310 2519 se
1346 2483 1477 2520 refutat.
1548 2487 1597 2523 lbi

157 2541 251 2575 enim
277 2536 422 2574 eandem
450 2546 554 2582 quam
583 2535 711 2584 ubique
739 2538 807 2573 vim
835 2537 899 2574 hoc
926 2538 1069 2575 verbum
1097 2539 1235 2575 retinet.

158 2657 171 2693 f
242 2599 278 2644 ²)
306 2602 358 2637 De
385 2600 548 2637 vocabulo
575 2605 702 2650 αἴφνης
724 2601 801 2639 vide
829 2602 949 2639 Matth.
977 2603 1021 2638 ad
1050 2614 1082 2638 v.
1100 2605 1213 2638 1557.
1248 2600 1407 2639 Fortasse
1432 2606 1598 2652 scriptum

171 2656 223 2692 uit
257 2660 384 2706 ἄφνωςι
