1730 3063
839 181 899 223 33

139 292 254 333 cione
293 287 548 347 angeretur?:
600 288 751 345 -Neque
792 294 924 346 tamen
969 286 1019 329 de
1054 287 1254 342 Iphigenia
1291 284 1417 328 solum
1452 293 1494 328 et
1527 286 1587 328 A-

142 355 257 403 chille
300 354 414 413 plura
458 351 623 396 dicenda
666 362 800 409 erant;
841 353 980 397 eadem
1017 362 1079 397 est
1115 353 1423 409 Agamemnonis
1456 366 1586 395 causa.

142 424 290 467 Fuerat
324 423 431 478 enim
466 419 530 462 ille
567 435 637 477 per
659 430 783 464 totam
819 421 902 463 fere
926 420 1167 477 tragoediam
1194 427 1300 461 tanta
1327 420 1588 461 inconstantia

141 498 303 548 tamque
336 487 452 544 ,vagis
478 485 673 539 consiliis,
711 496 756 530 ut
789 503 917 546 neque
950 490 1034 546 ipse
1069 500 1261 547 quorsum
1284 500 1329 529 se
1354 495 1462 529 esset
1485 499 1588 528 con-

139 567 335 611 versurus
377 553 480 595 scire
530 552 735 597 videretur
783 568 910 612 neque
943 563 1189 612 spectatores
1233 551 1451 610 praevidere
1488 565 1588 609 pos-

140 627 250 672 sent;
286 633 409 676 quum
445 627 579 662 autem
615 621 654 662 in
688 628 867 663 extrema
904 620 967 663 illa
1004 622 1201 674 oratione,
1233 633 1310 676 qua
1336 617 1385 661 ad
1412 619 1588 675 conjugis

141 685 457 729 exhortationem
499 699 546 727 ac
589 684 680 727 flliae
725 700 863 743 preces
908 686 1187 743 responderat,
1234 685 1360 731 durus
1393 697 1441 725 ac
1476 697 1588 741 paene

141 764 282 796 seusus
317 763 464 806 expers
501 752 612 794 visus
647 747 821 808 essess),
852 755 943 794 siue
974 752 1159 795 simulate
1195 751 1352 794 locutus
1387 750 1589 808 putandus

141 825 247 867 erat,
297 817 450 873 pristini
495 832 587 874 erga
634 817 753 860 filiam
798 821 942 861 amoris
986 819 1251 861 testimonium
1293 815 1591 874 requirebatur,

141 884 235 931 sive
245 882 373 938 omnis
393 884 550 939 pietatis
568 883 727 938 oblituS,
751 885 841 927 filiae
864 886 1130 942 generositate
1154 883 1323 926 fractum
1344 896 1387 924 se
1408 881 1587 939 praebere

139 947 323 1001 debebat.
391 948 487 993 Haec
530 952 563 993 si
600 966 673 994 non
712 960 893 1008 poterant
928 967 948 994 a
987 953 1067 994 Dea
1105 945 1361 1009 explicari')‚
1396 950 1491 1006 quin
1535 948 1586 992 ad

140 1014 332 1071 simplicis
368 1017 496 1058 nuncii
530 1017 698 1071 gradum
735 1018 1016 1069 descenderet,
1052 1031 1179 1074 neque
1212 1014 1294 1057 fieri
1330 1010 1495 1067 licebat,
1524 1023 1590 1066 ut,

139 1072 474 1139 quemadmodum
510 1081 561 1126 ab
597 1082 785 1141 Euripide
820 1085 971 1127 institui
1006 1082 1124 1138 solet,
1160 1078 1383 1125 narratione
1418 1095 1441 1124 a
1478 1095 1588 1124 nun-

140 1149 199 1189 cio
244 1147 346 1189 facta
391 1149 472 1190 Dea
525 1151 841 1192 introduceretur
875 1164 919 1192 ea
958 1149 1194 1206 praedicendi
1230 1162 1371 1200 causa,
1409 1162 1501 1204 quae
1535 1147 1587 1188 ab

140 1211 378 1275 doctissimis
421 1213 496 1257 illis
535 1216 629 1259 viris
663 1214 714 1259 ad
752 1214 852 1260 hanc
887 1216 1128 1274 tragoediam
1167 1217 1239 1259 rite
1274 1211 1586 1257 concludendam

139 1283 363 1323 necessaria
400 1290 611 1338 putantur,
649 1285 794 1326 rectius
829 1292 943 1341 poeta
976 1285 1161 1325 nuncium
1187 1282 1380 1338 delegisse
1405 1280 1586 1334 videtur,

137 1346 200 1389 cui
238 1345 301 1390 hae
337 1355 471 1405 partes
505 1344 750 1407 darentur⁸).
819 1349 1068 1408 Quamquam
1104 1349 1240 1391 Dianae
1274 1345 1471 1406 epilogum
1507 1347 1586 1390 de-

137 1411 230 1455 ferri
265 1412 316 1456 ab
352 1414 541 1472 Euripide
579 1418 755 1473 potuisse
791 1432 866 1459 non
892 1419 1020 1459 ausim
1045 1417 1199 1457 omnino
1223 1409 1428 1472 negare⁴),
1462 1429 1586 1473 quum

228 1530 256 1577 ¹)
285 1532 502 1571 Hermannus
530 1535 572 1572 de
601 1535 663 1572 hac
691 1536 843 1573 oratione
872 1548 903 1582 p.
922 1539 1020 1579 125:
1048 1535 1231 1571 ”Ceterum
1261 1540 1330 1571 tota
1354 1533 1588 1579 Agamemno-

138 1587 193 1621 nis
220 1587 329 1622 oratio
358 1588 509 1633 frigidior
537 1593 605 1634 est,
634 1600 738 1636 quam
768 1590 929 1632 velimus,
957 1590 1146 1634 praesertim
1170 1588 1363 1634 praegressis
1387 1591 1457 1622 tam
1484 1587 1587 1622 blan-

138 1640 191 1676 dis
226 1645 261 1677 et
296 1640 453 1679 mollibus
489 1643 648 1691 precibus
683 1644 773 1681 filiae.
831 1644 978 1681 Docebat
1006 1655 1085 1680 eum
1115 1643 1351 1681 vehementius
1378 1647 1586 1679 commotum

136 1707 229 1742 esse,
264 1707 373 1742 quum
402 1700 606 1745 necessitate
634 1700 829 1745 compulsus
857 1700 917 1734 bas
944 1709 1062 1744 preces
1089 1700 1201 1734 irritas
1227 1699 1340 1733 sinere
1367 1694 1588 1742 cogebatur.”

137 1747 224 1792 Quae
253 1751 458 1797 vituperatio
482 1752 576 1799 justo
604 1753 734 1800 epilogo
762 1753 885 1791 elevari
913 1753 1036 1800 potuit.

226 1814 256 1860 ²)
285 1816 480 1852 Matthiaeus
508 1829 540 1863 p.
570 1821 647 1853 322
677 1819 819 1863 probato
848 1819 985 1853 Porsoni
1014 1818 1057 1852 de
1085 1816 1216 1862 epilogo
1229 1817 1377 1862 judicio,
1405 1820 1585 1862 postquam

140 1868 320 1905 Aelianeos
347 1881 482 1915 versus,
509 1871 537 1906 si
565 1870 704 1918 quidem
733 1871 800 1908 huc
829 1872 1037 1917 referantur,
1067 1882 1140 1906 eam
1172 1871 1432 1918 repugnantiam
1460 1869 1586 1907 babere

140 1924 307 1972 ostendit,
344 1926 435 1973 quod
473 1926 579 1962 Diana
618 1938 696 1973 quae
741 1928 809 1973 ipsa
846 1926 976 1963 Graecis
1011 1932 1123 1972 ignota
1159 1937 1232 1961 esse
1268 1926 1346 1961 velit
1381 1931 1417 1961 et
1453 1926 1588 1971 ignoret

140 1977 279 2014 Orestes
315 1981 348 2015 in
388 1980 559 2026 iphigenia
588 1981 731 2016 Taurica
768 1991 906 2016 narrare
947 1981 1112 2027 fingatur,
1147 1982 1195 2016 sic
1222 1980 1351 2026 pergit:
1393 1979 1522 2026 ”Igitur
1551 1982 1588 2014 et

140 2031 226 2070 illud
253 2033 411 2071 abhorret
438 2046 464 2071 ax
487 2046 580 2071 more
602 2036 789 2083 Euripidis,
818 2036 928 2072 Deum
952 2035 1099 2083 aliquem
1122 2047 1180 2081 ea,
1201 2036 1325 2082 quibus
1343 2035 1467 2071 fabulae
1482 2035 1588 2081 ipsius

142 2089 256 2125 exitus
282 2091 496 2134 continetur,
534 2091 776 2136 praedicentem
814 2091 993 2136 inducere,
1028 2101 1136 2136 quum
1163 2100 1297 2135 semper
1325 2091 1458 2125 narrari
1486 2090 1589 2124 faciat

143 2152 223 2189 quae
252 2149 346 2180 extra
376 2155 513 2181 scenam
538 2148 631 2191 gesta
658 2149 760 2191 sunt,
797 2156 862 2181 nec
891 2145 957 2181 ulla
985 2155 1085 2181 causa
1115 2144 1297 2190 excogitari
1313 2148 1446 2191 potest,
1473 2145 1587 2180 curin

144 2197 208 2232 hac
243 2208 311 2233 una
348 2198 459 2234 fabula
496 2210 515 2234 a
551 2194 803 2235 consuetudine
835 2211 895 2235 sua
931 2198 1157 2235 discesserit.''
1214 2200 1333 2245 ltaque
1368 2199 1442 2234 illos
1471 2210 1588 2234 versus

144 2250 232 2286 alius
259 2252 437 2298 cujusdam
467 2254 579 2299 potius
607 2264 709 2300 quam
737 2254 838 2300 hujus
864 2253 1033 2300 Euripidis
1060 2264 1133 2288 esse
1160 2253 1363 2299 suspicatur.

232 2314 260 2359 8)
288 2317 399 2353 Etiam
428 2317 527 2354 aliam
558 2327 628 2354 rem
657 2319 772 2354 attulit
800 2319 1030 2354 Firnhaberus
1057 2322 1100 2364 (p.
1115 2318 1225 2365 291),
1254 2329 1349 2365 quae,
1378 2328 1584 2366 quamquam

145 2372 250 2416 magis
284 2372 326 2408 ad
362 2371 542 2409 e‘xternam
579 2372 749 2419 Euripidis
784 2373 973 2409 tabularum
1002 2378 1208 2422 οἰκονομίαν
1235 2374 1400 2419 pertinet,
1437 2383 1504 2408 non
1534 2374 1586 2405 est

143 2434 281 2469 prorsus
315 2428 578 2464 contemnenda.
634 2427 724 2464 Sunt
752 2429 842 2464 enim
871 2428 904 2464 in
935 2427 996 2464 hac
1024 2426 1137 2463 sabula
1164 2427 1300 2464 sublato
1329 2428 1458 2474 epilogo
1485 2426 1585 2472 pauci

144 2482 280 2516 tantum
310 2493 427 2517 versus
454 2484 668 2526 (414—39)
698 2484 816 2518 nuncii
844 2493 997 2529 personae
1025 2482 1162 2528 tributi,
1198 2484 1254 2519 cui
1281 2487 1414 2518 constat
1441 2485 1587 2527 quantas

143 2536 179 2567 et
205 2544 309 2580 quam
337 2536 521 2583 diligenter
548 2537 739 2573 elaboratas
767 2538 1017 2584 tragoediarum
1046 2540 1160 2584 partes
1186 2537 1365 2583 Euripides
1391 2535 1472 2570 dare
1498 2545 1587 2570 con-

145 2588 305 2625 sueverit.
992 2589 995 2597 '

231 2640 263 2684 ⁴)
290 2644 378 2679 Nam
393 2655 507 2692 neque
522 2645 749 2692 persuadent,
778 2656 856 2692 quae
871 2645 1059 2691 Kiefferus,
1088 2645 1212 2681 citatus
1225 2643 1431 2680 Firnhabero
1445 2653 1479 2689 p.
1495 2645 1586 2688 283,

146 2702 190 2728 ex
218 2696 370 2744 ratione,
397 2708 466 2744 qua
494 2710 575 2736 cum
603 2700 748 2746 posteris
775 2699 972 2737 Atridarum
1001 2701 1077 2736 fatis
1105 2700 1166 2735 hoc
1193 2698 1395 2735 sacrificium
1423 2697 1590 2744 cohaeret,

1433 2760 1476 2800 5.
