1730 3063
853 140 877 182 5

137 245 261 313 ωτι).
312 275 374 300 -,,-
421 252 564 309 ltaque
606 249 842 294 Porsouum·
866 250 992 293 secuti
1040 248 1215 308 plerique
1255 251 1294 292 in
1328 248 1406 293 fine
1438 249 1582 296 fa'bulae

138 317 279 363 locum·
300 314 610 376 illiswersibus‘
631 317 914 374 assignarunt,
943 314 1011 358 ubi
1046 314 1095 357 ad
1132 315 1490 374 Clytaemnestram*
1513 331 1581 362 eos

141 377 267 430 dictos
298 390 453 443 putant⁴
476 382 643 443 ejusque
675 383 864 426 orationis
896 391 1049 440 partem
1085 382 1226 432 fuisse,
1269 397 1348 455 qua
1382 383 1505 426 Diam
1540 386 1578 427 in

139 449 346 511 deperdito
377 447 539 507 epilogo
581 457 749 492 matrem
793 448 978 505 afflictam
1023 450 1194 491 erexerit
1208 444 1254 506 ¹.)
1306 450 1374 494 At
1409 463 1482 492 ne
1494 449 1580 494 haec

132 513 297 581 quidem
334 517 433 558 ratio
466 513 769 559 difficultatibus
804 524 867 559 est.
901 514 1043 570 libera,
1085 514 1190 573 quod
1225 512 1497 573 Mattbiaeus⁸)
1539 526 1581 559 et

132 571 453 638 Firohaberus⁴)
500 580 721 624 docuerunt.
762 590 803 625 et
845 596 895 624 ex
937 595 1007 635 ea,
1059 594 1151 639 quae
1193 580 1243 623 de
1285 581 1450 639 epilogo
1480 584 1579 638 erit,

136 647 256 705 hujus
298 645 601 703 disputationis
597 655 722 705 parte
757 647 981 705 apparebit;
1023 649 1074 691 ita
1113 655 1158 689 ut
1191 662 1271 691 non
1302 647 1439 691 AEliani
1477 664 1578 691 ver-

135 727 211 757 sus
244 711 441 770 epilogum]
474 721 705 772 suspectum
743 713 1003 767 reddiderint,
1047 712 1116 756 sed
1152 723 1366 772 suspectus
1399 715 1589 773 epilogus

134 777 397 826 illis-aditum
434 779 689 837 patefecere>
717 781 841 824 -Nam
876 781 949 823 nisi
985 782 1036 823 ita
1074 788 1203 834 esset,
1247 794 1319 823 cur
1354 780 1440 823 illos
1473 796 1576 824 ver-

133 858 205 888 sus
238 859 315 887 non
350 860 400 890 ex
433 845 588 906 epilogo
617 844 671 888 ab
702 845 888 905 Euripide
922 846 1092 901 minore,
1125 849 1253 905 quum
1286 844 1388 890 banc
1411 850 1575 906 ‘tragoe-

133 909 548 957 diam-..iii‘certamen
584 910 776 965 deferre-t,
811 912 948 956 addito
980 922 1166 956 servatos
1197 918 1287 956 esse
1317 915 1577 956 statuerunt?

132 981 287 1022 autl'ex
323 978 425 1023 alius
452 978 659 1037 Euripidis
692 978 930 1069 Iphigenia?
979 979 1067 1024 Duo
1101 981 1216 1028 euim¹
1243 980 1378 1038 tragici
1412 980 1576 1025 suerunt

133 1053 281 1104 prater
305 1061 506 1105 magnum
516 1044 625 1089 illum
650 1045 725 1089 hoc
748 1048 901 1089 nomine
911 1043 955 1103 ⁶.)
1023 1046 1122 1098 Aut,
1158 1048 1190 1089 si
1216 1046 1374 1089 obsecre
1399 1048 1572 1103 putanda

130 1120 224 1154 sunt.
258 1126 349 1170 quae
386 1111 579 1194 deinceps
606 1110 792 1169 leguntur
815 1112 919 1169 apud
945 1111 1137 1157 AElianum
1162 1111 1220 1156 1.11
1234 1113 1286 1157 ἐν
1304 1112 1354 1156 δὲ
1372 1120 1473 1165 ’τοϊς
1484 1116 1572 1172 Tq-

130 1178 358 1234 μενίδαις.
417 1211 430 1224 .
464 1177 488 1223 ὅ
521 1175 647 1230 auitae,-
677 1177 907 1237 Εὐριπιδης
940 1181 1048 1238 φησί
1076 1190 1164 1235 Βία,
1195 1194 1246 1222 ex
1282 1181 1444 1223 Taurica
1480 1196 1572 1239 quae
1601 1211 1609 1215 κ

130 1242 571 1305 exstat'lphigenia?⁶)
637 1247 737 1290 Nam
774 1256 905 1290 utram
937 1247 1179 1305 Iphigeniam
1203 1245 1349 1289 dixerit
1372 1246 1569 1303 AElianus,

130 1327 204 1355 non
241 1322 394 1357 certum
429 1319 502 1356 est.
560 1311 620 1369 Ad
659 1312 743 1355 haec
777 1313 1065 1367 consideranti,
1098 1326 1215 1370 quam
1241 1312 1471 1371 frequentes
1496 1328 1569 1356 re-

126 1380 331 1437 periantur
368 1393 523 1423 errores
559 1384 741 1422 veterum
775 1382 1035 1438 scriptorum,
1077 1380 1162 1421 sive
1197 1380 1368 1436 ipsorum
1407 1380 1575 1437 putandi

125 1454 221 1488 sunt
262 1448 350 1487 sive
385 1445 657 1500 librariorum,
699 1447 735 1487 in
773 1445 918 1489 fabulis
951 1458 1168 1503 earumque
1203 1445 1465 1503 scriptor-ihus
1501 1447 1569 1488 in-

127 1509 322 1568 dicandis,
363 1513 430 1555 vix
473 1513 659 1570 cuiquam
704 1510 868 1555 dubium
905 1510 1113 1562 videbitur,
1156 1510 1567 1569 quidquidmom'enti

126 1576 220 1620 huic
253 1579 475 1621 testimonio
509 1577 718 1632 tribuatur,
754 1577 792 1620 id
828 1594 878 1620 ex
915 1580 1040 1637 ipsius
1072 1576 1215 1619 fabulae
1238 1578 1455 1622 conditione
1478 1593 1567 1622 esse

125 1644 408 1703 repetendum,
442 1660 516 1687 non
552 1643 602 1686 illi
641 1659 710 1710 per
745 1659 788 1686 se
822 1643 968 1688 deberi.

227 1723 395 1764 Leviora
430 1730 543 1775 sunt,
575 1734 815 1779 quamquam
849 1721 897 1762 ad
924 1706 1095 1763 nostram
1121 1689 1293 1762 fabulam
1318 1719 1468 1762 diserte
1492 1735 1565 1763 re-

125 1787 327 1844 feruntur,
378 1786 525 1846 reliqua
568 1796 799 1846 argumenta
845 1787 896 1830 ab
938 1786 1073 1831 eodem
1118 1787 1343 1844 Mus-gravio
1377 1783 1563 1830 adhibita.

125 1854 275 1896 Horum
313 1869 435 1896 unum
471 1863 558 1895 erat
591 1853 793 1910 Hesychii
819 1853 1010 1910 glossema
1048 1854 1275 1910 ἄθραυστοι
1301 1851 1565 1910 ἆπρόςκοπα.

125 1915 357 1979 Εὖριπίδης
383 1918 609 1978 Ἰφιγενείᾳ
641 1921 689 1982 τῇ
720 1919 768 1964 ἓν
790 1917 971 1971 Αὐλίδι,
1004 1923 1088 1976 cui,
1122 1934 1244 1978 quum
1270 1934 1463 1978 nusquam
1489 1935 1561 1963 re-

122 1995 281 2045 pertum
313 1994 459 2041 esset,
510 1987 849 2042 Hemsterbuisius
899 1990 935 2029 in
989 2002 1025 2027 v.
1063 1988 1120 2028 57
1167 1986 1293 2028 locum
1336 1981 1586 2043 quaesierat».v

124 2052 203 2098 Sed
238 2054 392 2098 etiamsi
427 2068 565 2097 nomen
600 2052 864 2097 concedamus
896 2061 1002 2096 recte
1026 2052 1077 2096 ab
1101 2053 1297 2111 Hesychio
1322 2051 1561 2106 indicatum,

122 2121 185 2162 cui
234 2121 271 2162 in
306 2120 381 2163 hoc
415 2121 557 2176 genere
601 2134 675 2161 non
710 2122 825 2161 nimis
859 2118 1099 2162 credendum
1136 2114 1382 2175 novimus⁷),
1430 2128 1566 2162 tamen

209 2266 236 2310 ¹)
264 2267 349 2304 Vide
377 2267 576 2305 Firnhaberi
604 2267 709 2315 Iphig.
738 2269 771 2303 in
801 2267 878 2303 Aul.
907 2280 937 2314 p.
966 2269 1216 2306 XVII—XIX.

203 2317 242 2366 1)
271 2322 319 2359 lta
349 2308 515 2371 Bremius,
544 2324 768 2369 normannus,
797 2322 1004 2399 HarzunguS,
1033 2324 1149 2360 Editor
1164 2325 1466 2374 cantabrigiensis,
1493 2327 1560 2361 alii.

206 2373 315 2418 ⁸11.l.
344 2388 375 2423 p
407 2381 578 2415 321—2.
871 2375 979 2423 4)1..1
1009 2389 1042 2425 p.
1071 2380 1157 2415 XX.

206 2427 243 2477 ⁸)
270 2429 370 2475 Qu'od
398 2432 496 2469 docet
525 2431 684 2469 Valcken.
714 2431 819 2468 Diatr.
848 2443 883 2478 p.
904 2433 965 2468 94.
988 2443 1018 2468 c.
1074 2434 1169 2470 Idem
1205 2434 1318 2481 paullo
1354 2435 1436 2471 infra
1466 2433 1560 2471 Hea-

119 2484 236 2521 thium.
258 2487 453 2532 cognomini
482 2487 631 2534 Euripidi
661 2482 839 2522 AElianeos
865 2497 984 2523 versus
1012 2488 1169 2524 tribuisse
1197 2493 1351 2525 testatur.

205 2537 241 2585 4)
269 2539 355 2577 Vide
383 2541 498 2578 Firnh.
528 2553 560 2589 p.
588 2541 693 2588 XXI,
722 2542 780 2578 ubi
809 2542 897 2577 hanc
925 2543 1119 2589 opinionem
1149 2555 1217 2579 non
1250 2545 1346 2579 nimis
1374 2542 1560 2580 absurdam

117 2601 192 2629 esso
218 2590 377 2631 ostendit.

200 2646 233 2689 ¹¹)
265 2648 378 2686 Firnh.
408 2651 452 2687 Ι.1.
