1730 3063
838 173 897 215 929

148 276 336 333 praeclare
381 290 427 317 ac
472 287 594 330 prope
631 271 803 329 perfecta
842 286 907 313 ars
942 270 1230 329 conglutinavit
1267 270 1449 328 disjicere
1484 282 1524 314 et
1559 275 1595 315 in

148 345 263 388 aliam
300 343 464 384 formam
501 351 734 395 componere
770 341 955 381 audeant.

209 448 212 453 .
249 407 476 452 Transimus
510 403 558 445 ad
595 413 815 452 extremam
853 401 970 459 hujus
1005 402 1216 460 tragoediae
1241 412 1415 461 partem,
1451 418 1594 461 quam,

150 477 250 521 duce
286 465 523 526 Pors0n0¹),
569 469 747 526 plerique
784 484 858 511 non
897 468 1010 511 modo
1046 469 1096 510 ab
1131 468 1316 526 Euripide
1351 470 1421 512 sed
1461 485 1508 511 ne
1539 470 1595 533 ⁸ab

151 528 310 598 antiquo
355 535 513 594 quidem
562 534 678 577 illius·
705 537 835 577 aetatis
878 535 1072 592 scriptore
1119 533 1331 592 profectam
1368 550 1456 579 esse
1492 550 1596 579 con-

151 609 332 650 sentiunt.
391 602 568 653 Quorum
606 601 797 652 nonnulli,
834 615 1072 658 quamquam
1109 600 1302 657 epilogum
1339 601 1510 658 aliquem
1544 601 1595 644 ab

152 669 337 727 Euripide
382 669 576 724 scriptum
621 665 742 708 fuisse
783 681 856 707 non
894 675 1058 720 negant,
1103 675 1233 707 tamen
1269 675 1412 722 praeter
1449 682 1595 709 neces-

150 740 310 781 sitatem
356 732 533 775 additum
576 733 824 784 existimant,
877 730 981 790 quod
1025 734 1108 775 sine
1157 731 1234 774 ullo
1277 732 1420 775 fabulae
1464 732 1593 775 detri-

153 812 282 846 mento
325 799 465 841 abesse
510 799 649 854 possit;
692 797 772 853 jam
816 799 921 839 enim
966 807 1264 854 argumentum,
1306 808 1503 856 quatenus
1543 801 1591 841 ad

151 882 310 913 scenam
362 867 575 924 pertineat,
622 864 669 906 ad
721 863 836 906 finem
884 862 1120 921 perductum
1166 879 1253 905 esse
1289 879 1381 920 nec,
1430 866 1461 907 si
1496 867 1590 923 quid

150 935 379 990 subjiciatur
419 931 541 981 ultra,
578 929 659 972 fieri
698 945 834 987 posse,
870 932 963 987 quin
1001 940 1130 972 metus
1165 944 1212 972 ac
1248 933 1467 984 miseratio,
1503 946 1593 990 quae

153 1003 213 1044 hic
248 1000 388 1042 mirum
425 1005 614 1055 quantum
651 997 820 1039 excitata
856 999 954 1051 sint,
991 993 1293 1053 remittantur-²).
1330 997 1491 1049 Quibus'
1517 1002 1589 1042 etsi

150 1064 443 1110 concedendum
480 1073 560 1116 est,
607 1065 642 1104 in
682 1062 966 1105 recentioribus
1005 1062 1234 1118 tragoediiS,
1279 1063 1344 1105 ubi
1383 1079 1445 1107 res
1480 1066 1594 1124 quasi

151 1136 255 1176 intus
292 1133 414 1186 magis
452 1132 486 1170 in
526 1129 724 1170 hominum
759 1130 896 1171 animis
932 1137 1103 1185 aguntur
1139 1143 1263 1186 eoque
1299 1131 1420 1184 major
1456 1132 1592 1173 sormae

152 1200 312 1242 libertas
350 1197 601 1254 permittitur,
647 1194 979 1253 quemadmodum
1017 1196 1171 1236 omnino
1208 1198 1245 1237 in
1282 1194 1506 1240 liberalibus
1540 1212 1590 1241 o-

152 1264 328 1319 mnibus,
370 1278 460 1321 quae
505 1271 709 1316 vocantur,
752 1261 926 1315 artibus,
977 1264 1168 1304 recentior
1210 1271 1310 1304 aetas
1352 1277 1460 1320 saepe
1495 1268 1593 1307 satis

151 1332 296 1375 habere
340 1331 504 1386 cogitur,
554 1329 587 1369 si
633 1328 795 1369 materia
846 1342 915 1384 pro
960 1327 1185 1369 infirmitate
1228 1342 1299 1370 sua
1349 1328 1592 1385 significandi

149 1401 278 1458 potius
321 1411 438 1454 quam
484 1393 726 1452 exprimendi
779 1396 977 1450 negotium
1021 1395 1232 1437 sustineat:
1287 1395 1347 1437 his
1390 1397 1509 1452 igitur
1554 1399 1591 1439 in

149 1462 358 1522 tragoediis
400 1465 432 1504 si
466 1461 581 1503 finem
620 1459 750 1513 illum,
797 1474 875 1517 quo
909 1461 1077 1503 tendunt
1113 1462 1261 1515 omnia,
1304 1462 1592 1518 spectatoribus

147 1534 246 1589 eripi
289 1539 327 1572 et
363 1528 549 1571 occultari
585 1541 877 1585 nonnumquam
920 1537 959 1569 et
996 1541 1111 1584 posse
1146 1537 1185 1568 et
1221 1527 1366 1571 debere
1402 1530 1594 1573 concedis

147 1613 255 1651 mus,
291 1606 419 1638 tamen
456 1594 561 1636 nullo
598 1591 710 1636 modo
747 1594 783 1635 id
821 1592 903 1635 fieri
940 1593 1051 1647 licet,
1091 1594 1161 1635 nisi
1198 1595 1232 1636 in
1270 1596 1350 1653 ipsa
1389 1597 1591 1652 tragoedia

146 1680 212 1718 ea,
247 1651 336 1722 quae
371 1662 560 1717 celantur,
597 1662 648 1703 ita
685 1669 775 1703 sunt
813 1670 949 1717 parata
985 1669 1105 1718 atque
1133 1659 1326 1713 adducta,
1365 1670 1407 1703 ut
1444 1677 1590 1705 neces-

147 1733 251 1773 sario
285 1738 325 1772 et
359 1743 430 1772 sua
456 1736 595 1785 sponte
631 1734 814 1768 secutura
855 1726 1077 1768 videantur.
1126 1726 1238 1777 Quod
1276 1729 1313 1769 in
1349 1727 1422 1770 hac
1459 1728 1587 1771 fabula

146 1812 220 1839 non
257 1804 318 1838 est
355 1795 513 1837 factum.
573 1794 673 1835 Nam
712 1802 753 1834 ut
788 1806 832 1834 ea
869 1794 1191 1850 praetermittam,
1227 1808 1316 1851 quae
1348 1793 1396 1836 ad
1422 1795 1586 1838 interio-

235 1922 259 1965 ')
289 1921 371 1958 Vide
406 1920 525 1968 Suppl.
554 1921 651 1957 Praef.
681 1919 760 1956 Hec.
790 1930 823 1967 p.
851 1918 949 1956 XXI.
1005 1917 1161 1967 ”Quippe
1198 1920 1254 1968 qui
1291 1932 1472 1967 persuasus
1506 1924 1589 1970 sim,

147 1983 251 2014 totam
287 1989 360 2013 earn
397 1988 532 2012 scenam
563 1977 716 2022 abusque
745 1986 844 2010 versu
876 1976 971 2009 1541
1008 1977 1157 2020 spuriam
1188 1987 1259 2009 esse
1288 1981 1321 2010 et
1350 1988 1366 2009 a
1398 1979 1589 2012 recentiore

145 2034 312 2078 quodam,
340 2033 455 2067 nescio
483 2030 638 2078 quando,
666 2034 759 2065 certe
787 2033 862 2075 post
891 2024 1221 2075 AEliani·tempora,
1248 2030 1493 2075 suppositam.''

231 2086 264 2130 ²)
292 2086 492 2132 Schillerus,
521 2096 628 2132 quum
657 2086 745 2121 hanc
772 2086 979 2129 tragoediam
1003 2085 1197 2129 germanice
1212 2084 1389 2129 redderet,
1416 2086 1590 2133 epilogum

146 2142 274 2188 omisit,
303 2142 366 2177 hoc
394 2140 608 2176 adscribens:
643 2138 747 2174 ”Hier
773 2138 925 2173 schliesst
958 2137 1028 2172 sich
1056 2138 1111 2173 die
1138 2138 1363 2174 dramatische
1391 2139 1589 2188 Handlung.

146 2196 231 2231 Was
259 2195 346 2232 noch
376 2196 476 2241 folgt‚
506 2195 548 2230 ist
576 2195 630 2230 die
659 2193 851 2239 Erza'hlung
879 2204 945 2229 von
975 2192 1188 2238 Iphigeniens
1216 2192 1383 2239 Betragen
1408 2196 1497 2231 heim
1514 2196 1589 2242 Op—

146 2250 195 2284 fer
236 2251 307 2285 und
350 2251 440 2285 ihrer
482 2249 730 2283 wunderbaren
768 2246 988 2293 ErrettungJ’
1044 2247 1081 2281 In
1119 2248 1236 2282 eadem
1274 2247 1378 2283 fuisse
1413 2250 1587 2286 Bremium

144 2305 313 2339 sententia
350 2304 448 2340 docet
485 2303 604 2339 Matth.
632 2303 726 2338 Tom.
757 2301 828 2338 vlt.
865 2313 898 2348 p.
928 2303 1018 2337 407.
1074 2301 1194 2348 Neque
1231 2300 1327 2338 aliter
1359 2303 1491 2349 judicat
1527 2305 1587 2340 Ed.

144 2358 243 2394 Cant.
271 2369 303 2404 p.
333 2362 431 2395 231:
461 2357 645 2403 ”although
674 2357 732 2392 the
760 2357 989 2392 introduction
1019 2356 1054 2390 of
1080 2367 1097 2391 a
1129 2358 1282 2402 Divinity
1310 2363 1346 2392 at
1375 2360 1432 2394 the
1460 2359 1525 2394 end
1554 2360 1589 2394 of

142 2412 193 2447 his
227 2412 322 2459 place
356 2424 429 2448 was
464 2424 483 2448 a
521 2412 678 2459 freq'uent
713 2411 861 2458 practice
889 2410 973 2447 with
1000 2421 1063 2446 our
1091 2412 1229 2458 author,
1259 2412 1326 2447 and
1355 2413 1513 2459 although
1542 2413 1585 2449 he

142 2467 249 2513 might
285 2469 318 2502 in
356 2467 420 2502 this
454 2479 531 2503 case
568 2467 652 2502 wish
681 2472 714 2502 to
743 2465 908 2502 reconcile
937 2465 993 2502 the
1022 2465 1109 2501 fable
1138 2467 1223 2502 with
1252 2466 1324 2502 that
1353 2469 1387 2503 of
1412 2468 1461 2502 his
1490 2468 1587 2512 lphi-

141 2522 239 2563 genia
269 2522 302 2555 in
332 2523 470 2567 Tauris,
498 2526 556 2567 yet
583 2521 667 2556 such
695 2531 713 2555 a
742 2521 937 2556 conclusion
970 2524 1061 2555 must
1089 2520 1174 2556 have
1197 2519 1380 2567 inevitably
1396 2521 1585 2558 weakened

141 2572 234 2609 those
262 2575 403 2621 feelings
430 2576 465 2611 of
491 2577 563 2622 pity
593 2576 659 2611 nnd
688 2575 910 2622 admiration,
939 2575 1028 2610 wich
1058 2575 1100 2609 he
1129 2575 1194 2611 had
1222 2575 1361 2620 already
1385 2587 1422 2611 so
1446 2587 1587 2622 power-

140 2627 222 2671 fully
250 2631 395 2665 excited.
451 2631 522 2665 The
558 2630 723 2677 Tragedy,
766 2641 802 2665 as
829 2641 883 2665 we
914 2641 992 2665 now
1022 2630 1105 2665 have
1135 2631 1179 2677 it,
1221 2630 1336 2665 stands
1366 2631 1399 2665 in
1434 2633 1524 2672 need
1553 2632 1589 2668 ol*

139 2692 182 2716 no
210 2682 361 2719 addition
389 2684 562 2720 whatever
591 2683 680 2720 etc.’'
