1730 3063
847 195 905 240 47

156 324 307 355 norem
350 317 509 363 semper
549 311 592 345 et
635 301 900 347 inmunibus
940 301 1189 363 sacrificiis¹)
1228 312 1258 348 a
1288 305 1441 350 Graecis
1473 306 1595 350 luisse

154 377 433 425 observatum,
480 383 624 428 nequev
654 370 808 413 mirum·
840 379 967 424 esset,
1017 373 1049 413 si
1096 371 1169 414 hoc
1204 371 1289 415 loco
1323 375 1521 416 miseratio
1555 382 1596 416 et

159 445 316 495 horret,-
351 448 395 483 ut
427 451 450 482 a
487 449 597 478 more
631 435 882 488 recederent,
926 435 1138 479 effecisset.
1206 437 1285 480 Sed
1319 453 1368 481 ne
1403 438 1466 481 his
1498 442 1596 496 qui—

158 510 398 564 demhopus:
417 511 499 554 οῦκ
536 514 626 544 nem
656 515 794 546 earum
826 503 1001 545 omnium
1033 505 1322 547 sententiarum
1340 506 1598 560 continuatio,

159 575 305 633 quibus
348 584 418 622 ea,
468 582 560 625 quae
605 570 782 624 proxime
826 572 952 610 sacris
994 579 1310 626 antecesserant,
1352 570 1598 614 describun-

159 635 286 694 ιη’),
322 643 458 693 aperte
482 634 653 677 ostendit
677 643 767 692 post
789 633 933 677 factam
957 635 1118 679 demum
1143 639 1406 693 precationem
1431 635 1595 681 Gmcos

156 706 347 761 dejecisse
382 704 420 744 in
459 711 606 743 tei-ram
643 701 789 743 oculos.
858 701 941 743 Hoc
976 712 1108 745 autem
1145 712 1186 745 et
1222 703 1406 745 bumanae
1441 713 1594 747 naturae

156 778 464 814 consentaneum
500 776 563 810 est
597 756 657 810 et*
676 768 861 811 instantis
895 769 1074 812 miraculi
1110 784 1232 813 causa
1265 771 1316 813 ita
1340 783 1363 813 a
1388 777 1501 828 poeta
1524 771 1593 813 in-

152 839 350 882 stitutum.
439 836 617 892 Denique
659 835 765 892 quod
810 838 998 888 nuncius,
1044 850 1177 893 quum*
1212 836 1401 879 sacerdos
1435 846 1594 893 arrepto

152 903 280 961 gladio
322 901 372 944 ad
409 903 531 944 ictum
567 899 784 943 feriendum
827 913 871 942 se
907 898 1132 959 pararet⁸)‚
1173 917 1221 945 ne
1253 917 1299 946 se
1332 904 1463 961 ipsum
1498 904 1594 961 qui-

151 970 242 1012 dem
286 967 385 1011 dicit
427 976 632 1025 aspectum
676 970 913 1012 sustinuisse
956 977 997 1011 et
1042 969 1212 1012 demisso
1246 972 1376 1027 capite
1411 971 1593 1023 stetisse,

152 1035 193 1078 id
224 1044 264 1078 et
298 1034 384 1091 ejus
420 1047 597 1092 personae
632 1035 779 1091 optime
812 1042 998 1077 convenit
1031 1036 1137 1092 (nam
1174 1050 1243 1094 pro
1280 1036 1433 1079 illorum
1458 1034 1593 1078 homi-

151 1117 245 1146 num
287 1104 461 1157 ingenio,
501 1104 569 1159 qui
605 1114 650 1143 se
684 1100 831 1158 aliquid
877 1101 998 1143 videri
1037 1106 1340 1159 concupiscant,
1383 1103 1434 1144 de
1468 1116 1513 1144 se
1549 1110 1593 1145 ut

82 1165 87 1173 ’
151 1170 332 1226 primaria
370 1181 534 1224 persona
573 1166 770 1224 loquitur)
813 1176 853 1209 et
896 1182 943 1210 eo
977 1177 1158 1226 spectat,
1202 1174 1246 1211 ut
1281 1167 1459 1211 sacrificii
1502 1167 1592 1210 for-

150 1234 313 1280 midines
345 1248 464 1291 quam
500 1233 726 1289 longissime
757 1236 979 1277 narratione
1011 1248 1083 1276 sua
1111 1237 1292 1293 persequi
1320 1229 1507 1292 posset⁴).
1526 1258 1588 1267 —

148 1301 334 1344 Ceterum
369 1300 426 1342 de¹
450 1309 537 1342 tota
574 1300 667 1352 hac,
714 1305 835 1357 quem
871 1302 1047 1357 proxime
1082 1304 1401 1359 percensuimus,
1445 1315 1590 1344 narra-

148 1369 265 1413 tionis
299 1376 414 1425 parte
447 1369 640 1410 monitum
679 1367 883 1421 volumus,
917 1382 1040 1425 quum
1077 1368 1255 1410 homines
1289 1367 1490 1411 immolare
1514 1382 1590 1410 non

146 1434 375 1478 Graecorum
412 1443 518 1476 esset
554 1434 693 1488 moris,
727 1448 802 1476 non
839 1436 956 1477 nimis
993 1433 1154 1477 moleste
1191 1435 1418 1490 ferendum,
1455 1437 1510 1490 si,
1546 1443 1590 1477 ut

147 1502 185 1543 in
219 1515 262 1544 re
297 1514 415 1555 nova,
458 1498 608 1559 aliquid
643 1501 683 1542 in
715 1499 928 1544 sollennem
964 1500 1247 1544 sacrificiorum
1283 1503 1402 1545 ritum
1440 1515 1589 1559 pecca-

145 1576 230 1610 tum
266 1570 329 1610 sit.

211 1633 311 1685 Quae
346 1633 435 1680 hinc
469 1642 693 1691 sequuntur
726 1648 747 1676 a
774 1635 917 1678 nuncio
940 1643 1119 1688 narrata,
1151 1635 1227 1677 etsi
1250 1634 1386 1677 multis
1409 1636 1590 1691 magnis-

144 1713 222 1758 que
245 1700 421 1746 metricis
443 1701 550 1743 vitiis
574 1699 814 1753 deformata,
838 1700 888 1742 ad
912 1704 1131 1743 sententias
1155 1709 1286 1743 tamen
1305 1699 1410 1758 quod
1432 1709 1588 1752 attinet,

145 1768 277 1809 minus
313 1777 456 1810 vexata
495 1762 712 1824 fuerunt5).
764 1769 1013 1825 Quamquam
1040 1770 1161 1809 etiam
1188 1766 1305 1823 hujus
1330 1768 1485 1824 generis
1512 1781 1588 1809 non

233 1899 258 1942 ι>
288 1899 341 1936 Αη
370 1902 471 1936 etiam
501 1901 534 1941 in
566 1900 625 1946 iis,
654 1911 733 1947 quae
762 1900 876 1936 inferis
904 1899 973 1935 Diis
1000 1896 1258 1935 offerebantur?

228 1963 257 2008 ²)
287 1965 452 2006 Hutterus
481 1977 512 2012 p.
543 1969 588 2002 31
623 1965 794 2001 verissime
822 1969 958 2009 monet,
985 1963 1037 1999 his
1063 1965 1260 2008 sententiis,
1295 1975 1374 2011 quae
1403 1975 1434 1999 v.
1461 1966 1587 2000 1562-

143 2020 189 2054 81
212 2021 446 2070 *continentur
482 2026 516 2056 et
550 2031 669 2056 omnes
703 2031 723 2055 a
753 2019 914 2065 particula
950 2024 989 2060 δὲ
1024 2019 1210 2065 incipiunt,
1243 2019 1394 2066 singulas
1422 2019 1586 2054 continuo

141 2085 177 2108 se
205 2076 417 2121 excipientes
445 2076 548 2112 unius
575 2076 718 2110 actionis
746 2078 859 2120 partes
885 2074 1075 2119 significari.

227 2137 255 2182 ⁸)
287 2136 500 2186 Matthiaeus,
528 2141 587 2187 qui
617 2140 756 2175 omnino
784 2140 952 2174 morosius
979 2138 1066 2173 hanc
1088 2138 1311 2185 quaestionem
1334 2137 1514 2180 tractavit,
1543 2136 1587 2173 de

142 2193 207 2229 hoo
233 2194 306 2231 loco
334 2196 383 2231 sic
410 2194 546 2231 scribit:
574 2194 736 2241 ”ineptus
764 2204 844 2229 vero
870 2193 1028 2229 sacerdos
1051 2193 1166 2228 fauces
1182 2193 1381 2238 inspiciens,
1409 2197 1587 2239 ut‚quam

142 2248 292 2285 saucium
327 2254 461 2297 partem
500 2251 634 2296 feriret,
669 2247 928 2286 constitueret.”
984 2248 1076 2283 Idem
1112 2248 1182 2282 fere
1218 2248 1414 2292 Hartungus
1449 2246 1502 2282 l.l.
1534 2265 1585 2274 -

142 2303 194 2337 Ex
222 2305 280 2349 iis,
309 2315 388 2351 quae
415 2316 516 2351 supra
550 2306 582 2339 in
614 2305 812 2339 universum
841 2302 884 2338 de
913 2301 978 2338 hac
1004 2303 1197 2337 narratione
1225 2300 1394 2346 diximus,
1422 2312 1584 2348 quorsum

141 2362 273 2403 spectet
300 2359 375 2397 baec
402 2363 560 2395 accurata
589 2358 788 2404 descriptio,
816 2362 936 2404 sponte
965 2356 1173 2402 intelligitur.

227 2422 257 2467 ⁴)
286 2424 459 2461 Immerito
489 2425 591 2471 igitur
619 2425 681 2460 hoc
710 2422 930 2468 reprehendit
957 2421 1152 2458 lihtthioeus
1179 2420 1221 2456 ad
1252 2432 1284 2455 v.
1309 2423 1424 2456 1553.

226 2488 257 2532 ⁸)
284 2489 324 2524 In
353 2490 610 2536 grammaticam
640 2490 809 2525 rationem
833 2487 1025 2524 Matthiaeus
1053 2486 1188 2523 duobus
1202 2486 1284 2522 locis
1297 2490 1473 2532 peccatum
1488 2484 1585 2520 dice-

141 2542 208 2578 bat.
262 2545 414 2580 Primum
441 2549 595 2596 μάλιστα
627 2548 685 2592 τῆς
709 2546 816 2596 κόρης
840 2545 884 2586 (ν.
909 2544 1026 2585 1594)
1061 2543 1093 2578 ei
1124 2541 1173 2578 ab
1202 2541 1370 2587 Euripidis
1396 2544 1587 2592 consuetuf

139 2596 219 2633 dine
245 2599 397 2635 alienum
427 2599 615 2634 videbatur.
669 2597 737 2633 Sed
772 2602 863 2632 recta
901 2597 1181 2643 interpretatione
1217 2606 1254 2631 ea
1283 2594 1463 2630 difficultas
1490 2592 1588 2630 tolli-

140 2654 209 2686 tur.
265 2653 397 2689 Pendet
425 2654 517 2689 enim
547 2653 650 2699 (quod
679 2652 777 2687 docet
800 2650 968 2687 Hutterus
996 2651 1057 2688 Lc.
1085 2661 1118 2697 p.
1140 2651 1202 2695 30)
1229 2650 1398 2695 genitivus
1416 2659 1462 2684 ex
1481 2649 1587 2685 verbo

137 2707 344 2752 ἀσπάζου...
381 2709 415 2744 in
443 2718 515 2753 qno
544 2709 633 2743 inest
660 2706 818 2747 mutandi
849 2707 899 2743 vis
933 2707 1008 2750 (cir.
1035 2705 1158 2744 Μ
1183 2703 1245 2746 Gr,
1273 2701 1305 2751 §-
1333 2703 1433 2749 ³64,
1469 2703 1588 2740 Kiihn.
