1730 3063
122 698 234 773 Nulla
271 723 384 768 facile
418 724 648 768 Graecorum
685 723 886 782 tragoedia
922 732 1002 767 tam
1039 722 1202 767 uberem
1234 723 1441 768 dubitandi
1465 738 1569 768 con-

118 792 353 849 jiciendique
389 792 592 834 materiem
630 791 822 850 praebuit,
876 804 997 848 quam
1041 789 1240 848 Euripidis
1284 790 1486 849 Iphigenia
1528 793 1568 835 in

122 857 273 901 Aulide.
341 858 442 910 Quae
485 866 695 915 postquam
742 855 1082 914 interpolationum
1120 851 1345 901 rumoribus
1387 856 1566 901 infamari

122 931 273 982 coepte
298 931 380 977 est,
427 923 750 966 accrescentibus
786 922 989 980 paullatim
1025 921 1319 979 suspicionibus
1349 932 1391 966 et
1415 923 1569 980 longius

121 984 569 1050 usque'·serpent'ibus,
621 998 727 1033 tanta
779 989 987 1031 criminum
1039 987 1139 1031 mole
1188 987 1453 1042 obruebatur,
1503 999 1571 1047 ut·‚

118 1055 453 1117 quemadmodum
504 1058 542 1098 in
589 1055 737 1100 morbis
779 1053 1002 1112 desperatis
1046 1054 1186 1097 medici
1232 1055 1328 1098 nihil
1371 1054 1446 1100 sihi
1490 1070 1566 1099 non

120 1124 300 1182 experiri*
333 1122 483 1166 licitum
527 1124 772 1178 existimant,
816 1123 867 1163 ita
914 1123 1040 1166 critici
1086 1124 1123 1164 in
1170 1121 1245 1165 hac
1279 1121 1411 1167 fabula
1443 1120 1567 1167 libero

121 1189 291 1249 quodam
312 1196 368 1250 'et
397 1185 588 1247 'expedito
619 1188 765 1244 judicio
791 1195 1010 1241 uterentur,
1047 1202 1170 1247 quum
1195 1187 1295 1231 alius
1318 1186 1440 1232 alium
1464 1202 1569 1231 con-
1609 1199 1613 1202 ·

115 1256 360 1314 jecturarum
396 1257 622 1298 inventione
655 1262 878 1312 superaret.
943 1253 1071 1311 Quid,
1105 1254 1209 1312 quod
1246 1269 1322 1298 non
1357 1254 1569 1300 defuerunt

121 1324 188 1380 qui
223 1317 402 1378 Euripidi
426 1329 549 1364 totam
575 1321 814 1377 tragoediam
839 1322 993 1377 eripere
1018 1320 1177 1363 vellent.
1228 1321 1278 1363 Et
1301 1320 1443 1363 horum
1467 1323 1566 1379 qui-

120 1388 212 1431 dem
255 1390 451 1434 sententia
477 1391 635 1444 *paucis
670 1387 833 1446 probata
871 1394 951 1440 est3
996 1401 1085 1430 nam
1124 1396 1268 1444 praeter
1304 1386 1451 1431 diserta
1487 1402 1567 1431 ve-

123 1462 250 1497 terum
295 1456 535 1511 scriptorum
580 1455 800 1498 testimonia
847 1454 929 1510 ipsa
978 1453 1108 1496 fabula
1157 1456 1208 1496 ita
1256 1453 1455 1511 Euripidis
1499 1456 1568 1496 in-

122 1522 279 1579 genium
315 1529 523 1580 artemque
559 1521 696 1564 testari
733 1519 957 1575 videbatur,
993 1529 1037 1563 ut
1071 1518 1166 1564 nibil
1202 1519 1252 1564 de
1280 1511 1443 1575 auctore
1468 1535 1568 1579 pos-

121 1597 183 1630 set
217 1587 401 1635 dubitari.
469 1586 545 1630 Alii
587 1596 721 1629 autem
766 1588 869 1645 iique
913 1586 1070 1644 plurimi
1110 1586 1457 1644 praeclarissimum
1493 1586 1569 1630 hoe

123 1653 345 1712 Euripideae
367 1645 475 1697 ‘artis
498 1656 699 1711 specimen
725 1653 1006 1711 praedicantes,
1042 1668 1283 1712 quamquam
1307 1653 1358 1697 ab
1383 1655 1568 1712 interpo-

123 1719 246 1763 latore
270 1720 442 1778 quoda'm
466 1719 729 1763 deformatum
755 1729 881 1773 esset,
916 1734 1037 1778 quum
1065 1720 1159 1763 falsa
1182 1734 1205 1763 a
1230 1722 1337 1763 veris
1359 1733 1567 1764 secernere

123 1794 164 1829 et
197 1786 372 1843 Euripidi
398 1801 470 1828 sua
491 1790 702 1829 restituere
720 1800 763 1829 se
782 1786 1072 1844 profiterentur,
1107 1795 1257 1829 tantam
1281 1788 1565 1829 sententiarum

123 1852 399 1894 diversitatem
449 1853 739 1908 praestiterunt,
794 1860 838 1896 ut
882 1854 1007 1908 magis
1048 1866 1162 1896 suam
1204 1851 1402 1911 quandam
1445 1865 1566 1910 quam

123 1931 351 1976 germanam
403 1917 602 1977 Euripidis
653 1919 894 1974 tragoediam
948 1919 1127 1961 effecisse
1177 1918 1415 1961 viderentur.
1483 1920 1569 1962 Nec

124 1985 267 2027 mirum
304 1981 343 2026 id
376 1982 562 2043 quidem:
605 1984 767 2028 infracta
806 1986 908 2028 enim
946 1984 1007 2028 vel
1045 1986 1176 2044 potius
1211 1998 1349 2028 eversa
1385 1983 1567 2029 codicum

124 2049 381 2102 auctoritate,
418 2064 580 2092 necesse
615 2059 721 2104 erat,
756 2066 875 2110 quam
909 2055 1078 2110 quisque
1113 2051 1274 2093 haberet
1304 2059 1346 2093 et
1368 2051 1418 2093 de
1442 2061 1570 2109 poetae

128 2117 281 2176 ingenio
324 2124 444 2175 atque
486 2126 573 2160 arte
616 2127 657 2160 et
702 2116 752 2161 de
797 2118 914 2176 hujus
959 2116 1170 2177 tragoediae'
1212 2118 1363 2171 ratione
1397 2127 1569 2163 senten—

129 2185 244 2235 tiam,
269 2197 356 2225 eam
381 2183 463 2225 fere
479 2183 679 2239 judicandi
707 2199 883 2227 normam
906 2194 1160 2243 sequeretur..
1189 2186 1329 2243 Itaque
1353 2199 1429 2227 non
1454 2185 1568 2228 modo

131 2263 317 2313 versuum
355 2251 676 2307 'transpositione
722 2260 763 2294 et
815 2251 1027 2294 verborum
1080 2260 1165 2294 tum
1209 2250 1441 2308 expulsione
1483 2261 1568 2295 tum

128 2316 375 2373 trajectione,
407 2315 552 2374 quibus
588 2316 773 2361 remediis
808 2316 985 2361 crebrius
1021 2318 1082 2361 hic
1116 2313 1237 2376 quam
1270 2316 1361 2362 alibi
1400 2332 1567 2378 usquam

127 2381 362 2436 utebantur,
392 2381 626 2425 'dissimiles
676 2383 890 2440 tragoediae
941 2383 1087 2443 formas
1138 2387 1448 2438 constituerunt,
1496 2384 1567 2426 sed

128 2449 248 2493 etiam
283 2447 333 2491 de
368 2444 432 2502 ii's,
469 2461 560 2507 quae
598 2449 866 2507 interpolatori
903 2460 1038 2494 essent
1071 2450 1324 2504 ascribenda,
1359 2449 1454 2493 adeo
1477 2447 1568 2493 dis-

127 2525 356 2568 senserunt,
403 2524 447 2557 ut
481 2517 518 2557 in
555 2525 834 2559 sexcentorum
879 2517 961 2560 fere
994 2528 1035 2559 et
1070 2519 1226 2575 triginta
1262 2531 1447 2559 versuum
1484 2531 1568 2559 nu·-

129 2594 257 2636 meru,
302 2583 370 2641 qui
404 2580 464 2626 alii
499 2579 550 2624 ab
584 2580 685 2626 aliis
707 2581 821 2639 ejecti
858 2592 970 2639 sunt,
1006 2598 1055 2627 ne
1089 2598 1192 2627 unus
1225 2581 1406 2642 quidem,
1447 2597 1567 2642 quem

130 2649 377 2693 consentiens
411 2649 583 2692 omnium
616 2646 809 2703 judicium
845 2650 1114 2705 damnaverit,
1150 2649 1312 2692 inveniri
1347 2651 1485 2706 possit.
