1730 3063
812 150 871 192 25

222 267 452 322 Hartungus
486 270 619 305 autem
656 261 760 318 (nam
794 261 914 320 hujus
949 269 1007 305 est
1034 260 1155 304 altera
1182 260 1446 304 memorabilis
1469 275 1569 303 con-

122 334 297 392 jectura,
338 344 456 390 quam
496 336 628 386 postea
664 328 715 371 ab
751 328 972 372 Hermanno
1013 329 1096 386 ipso
1135 328 1338 385 probatam
1375 342 1462 370 esse
1500 343 1567 370 rc-

126 401 249 462 perio)
291 411 414 458 quum
460 394 610 439 iambos
653 409 780 454 neque
824 397 1033 453 anapaestis
1070 396 1317 438 intermixtos
1352 405 1460 438 stare
1497 408 1571 437 ne—

125 483 203 528 que
252 465 372 509 deleri
422 477 536 520 posse
586 463 852 516 existimaret,
904 471 995 505 ante
1047 476 1182 504 omnes
1230 471 1451 519 anapaestos
1504 475 1571 503 eos

126 533 344 578 collocavit.
413 528 483 572 Cui
520 543 644 588 quum
680 528 730 571 ab
766 497 1027 588 quibusdam¹
1032 530 1046 587 )
1083 530 1304 586 oppositum
1346 537 1471 584 esset,
1515 530 1572 571 sic

128 600 332 660 prologum
386 595 487 639 effici
542 605 764 639 ceterorum
808 595 1006 653 Euripidis
1058 595 1309 649 dissimilem,
1353 597 1388 636 in
1429 595 1572 653 quibus

130 664 312 710 omnibus
336 663 386 706 ab
409 663 517 704 initio
553 664 687 703 statim
725 677 836 715 eum,
872 664 938 721 qui
963 662 1157 721 loquatur,
1194 660 1362 704 indicare
1388 660 1573 704 dicebant

126 733 193 792 qui
232 731 304 783 sit,
349 729 488 773 horum
526 727 810 772 dubitationem
848 731 986 772 merito
1024 729 1084 772 ille
1123 731 1358 786 contempsit
1378 725 1423 786 ².)
1494 727 1573 770 Sed

119 798 216 841 'aliae
253 806 347 839 sunt
380 810 517 853 eaeque
555 795 677 836 multo
712 799 926 852 graviores.
983 797 1158 838 Primum
1183 797 1306 846 enim,
1342 794 1445 870 quod
1471 809 1574 837 con-

129 873 189 908 tra
225 865 474 908 Bremianam
511 861 775 918 conjecturam
814 863 1082 913 Hermannus,
1129 860 1244 918 idque
1284 871 1326 903 ut
1362 862 1434 918 ipsi
1468 861 1576 903 Har-—

131 941 252 987 tungo
294 929 528 988 probaretur
539 924 591 985 ⁸),
635 925 875 985 disputavit,
923 929 958 971 id
1006 930 1122 972 etiam
1171 929 1207 969 in
1254 926 1353 971 banc
1397 926 1501 980 valet
1537 936 1576 969 et

132 997 256 1041 multo
303 997 489 1053 majorem
527 994 645 1038 babet
689 994 975 1038 difficultatem.
1037 998 1136 1038 Nam
1174 996 1331 1037 Bremio
1365 995 1460 1037 nibil
1498 995 1576 1037 ob·-

132 1062 284 1118 stabat,
326 1077 404 1120 quo
450 1064 580 1103 minus
625 1062 661 1102 in
708 1062 925 1104 iamborum
971 1062 1097 1105 locum
1136 1069 1192 1104 tot
1238 1071 1462 1120 anapaestos
1510 1064 1576 1103 in-

131 1139 304 1185 sereret,
346 1137 442 1187 quot
486 1130 771 1170 sententiarum
818 1144 943 1171 nexus
980 1130 1215 1187 requireret:
1260 1129 1464 1185 Hartungo
1502 1142 1576 1170 non

90 1221 93 1225 κ
135 1198 248 1239 item:
288 1195 443 1238 duobus
477 1197 579 1237 enim
616 1193 709 1236 locis
746 1196 847 1237 idem
886 1210 1046 1238 narrare
1083 1210 1155 1236 non
1195 1194 1292 1237 licet.
1363 1197 1444 1238 Nisi
1480 1195 1578 1237 forte

136 1262 293 1306 dimidia
332 1261 548 1305 iamborum
587 1272 698 1318 parte
731 1263 766 1304 in
802 1264 907 1304 initio
933 1264 1079 1320 posita,
1117 1262 1279 1303 alteram
1303 1263 1339 1303 in
1359 1270 1580 1320 anapaestos

135 1338 418 1372 commutatam
467 1329 548 1369 loco
588 1342 660 1370 suo
697 1329 917 1386 relinquere
952 1329 1092 1386 placet.
1162 1327 1204 1370 ld
1243 1329 1473 1385 Hartungus
1509 1342 1579 1370 nec

138 1396 229 1439 fecit
266 1410 337 1437 nec
373 1396 499 1452 potuit
536 1393 685 1436 facere:
720 1394 787 1436 sed
827 1398 924 1437 satis
952 1394 1054 1437 hanc
1077 1404 1223 1437 tantam
1252 1393 1431 1436 lacunam
1456 1404 1581 1453 quat—

137 1470 228 1505 tuor
273 1460 480 1504 versiculis
517 1460 712 1518 expletam
752 1460 936 1519 putabat,
980 1475 1051 1519 per
1090 1475 1188 1519 quos
1225 1461 1465 1516 Agamemno
1500 1463 1583 1504 seni

138 1530 326 1586 imperat,
360 1536 405 1570 ut
440 1527 591 1570 litteras
626 1526 799 1585 perferat
835 1526 883 1570 ad
922 1534 1095 1585 reginam
1133 1537 1172 1570 et
1207 1541 1296 1586 quae
1335 1530 1370 1569 in
1406 1527 1480 1571 illis
1504 1531 1582 1571 sint

139 1598 305 1655 scripta,
350 1609 395 1638 se
437 1609 527 1637 cum
573 1608 619 1637 eo
662 1597 1042 1637 communicaturum
1087 1595 1179 1638 dicit
1198 1591 1241 1651 ⁴).
1312 1593 1423 1640 Unde
1465 1597 1582 1652 igitur

139 1665 245 1707 senis
279 1664 449 1722 quaestio
484 1676 522 1703 v.
563 1661 689 1704 4924?
757 1664 815 1704 An
862 1662 1084 1720 conjugium
1123 1661 1218 1704 illud
1257 1661 1346 1705 huic
1382 1665 1581 1719 cognitum

142 1745 231 1772 esse
266 1729 498 1772 credimus?
566 1728 610 1770 Id
647 1743 719 1770 non
757 1728 871 1771 modo
906 1727 955 1770 ab
992 1729 1172 1770 omnibus
1209 1728 1350 1770 sabulis
1385 1728 1583 1783 abhorret,

146 1799 184 1837 in
228 1794 372 1854 quibus
406 1794 496 1837 nibil
533 1797 618 1837 sine
655 1793 789 1836 idonea
828 1808 943 1837 causa
981 1794 1063 1836 fieri
1099 1802 1167 1836 aut
1203 1794 1279 1835 dici
1315 1794 1448 1846 liceat,
1494 1809 1583 1836 ma-

144 1863 329 1920 ximeque
379 1861 430 1903 ab
476 1861 718 1919 Euripideis‚
777 1875 894 1918 quem
940 1867 1095 1903 constat
1150 1859 1186 1902 id
1236 1861 1426 1916 imprimis
1478 1863 1581 1903 omni

143 1928 277 1971 studio
327 1927 571 1980 elaborasse,
631 1943 679 1969 ne
731 1926 945 1984 quidquam
1005 1926 1237 1980 obscurum,
1289 1925 1471 1980 dubium,
1517 1936 1585 1969 te—

145 2008 255 2037 mere
290 1994 438 2046 factum
474 1992 700 2046 videretur;
743 1992 812 2036 sed
848 2001 1043 2051 repugnat
1077 1995 1193 2035 etiam
1230 1994 1297 2046 iis,
1333 2007 1422 2050 quae
1456 1993 1587 2052 paullo

237 2126 270 2170 ¹)
298 2127 384 2163 Vide
412 2127 525 2163 Firnh.
554 2137 586 2173 p.
615 2126 774 2162 XXVIII.

235 2177 269 2223 ²)
298 2169 383 2217 vl'de
418 2182 603 2216 Hermanni
633 2181 733 2226 hujus
761 2181 949 2241 argumenti
980 2180 1219 2215 refutationem
1248 2181 1291 2216 ab
1320 2182 1496 2228 Hartungo
1525 2183 1587 2218 Ed.

150 2234 268 2271 Germ.
297 2246 330 2281 p.
361 2239 436 2272 175
466 2235 614 2271 allatam.
668 2235 714 2271 At
742 2246 816 2270 eam
844 2235 871 2270 si
900 2235 1058 2270 omnibus
1087 2235 1217 2281 probari
1248 2242 1399 2283 oportet,
1433 2240 1509 2285 quis
1536 2239 1589 2273 fe-

151 2295 224 2335 rat,
251 2291 342 2337 quod
373 2291 442 2336 ipse
471 2291 667 2335 Hartungus
695 2289 845 2325 addit2’
849 2289 986 2335 ’gesetzt
1014 2290 1096 2324 aber
1123 2290 1214 2324 diese
1242 2291 1483 2337 Einwendung
1498 2298 1588 2327 ware

153 2343 275 2390 ricbtig
313 2345 386 2380 und
427 2350 520 2380 ware
555 2343 663 2379 durch
699 2344 890 2380 Hermanns
917 2344 1090 2390 Berufung
1118 2345 1178 2380 auf
1204 2345 1330 2382 andere
1359 2347 1495 2393 Prologe
1523 2357 1587 2382 von

153 2397 303 2444 gleicher
332 2399 557 2445 Einrichtung
585 2398 679 2435 nicht
705 2410 891 2445 genugsam
918 2399 1112 2445 widerlegt‚
1140 2411 1177 2435 so
1207 2401 1306 2446 folgte
1334 2402 1456 2437 daraus
1482 2402 1588 2446 bloss,

153 2453 231 2487 dass
259 2464 338 2488 man
367 2454 454 2489 noch
483 2454 537 2489 die
567 2452 869 2499 Wegschneidung
896 2454 1020 2488 zweier
1035 2454 1117 2489 oder
1138 2454 1250 2489 dreier
1263 2453 1506 2501 Anfangsverse
1522 2467 1591 2491 an-

155 2505 304 2541 nehmen
334 2508 483 2553 miisste,
512 2508 724 2553 keineswegs
750 2508 843 2554 aber,
871 2507 948 2543 dass
975 2507 1029 2544 die
1059 2507 1322 2556 Voranstellung
1349 2510 1409 2546 der
1428 2508 1593 2547 Trimeter

155 2561 363 2597 unstattbaft
390 2561 484 2608 sey.''

242 2611 275 2656 ⁸)
303 2615 389 2651 Vide
416 2616 479 2651 Ed.
509 2616 581 2651 Lat.
610 2628 642 2662 p.
674 2617 736 2651 83.

241 2666 271 2711 ⁸)
299 2669 359 2705 Ed.
388 2668 505 2706 Germ.
535 2681 567 2717 p.
600 2672 688 2707 188·
