1730 3063
847 126 874 168 8

124 230 345 294 tuiseet¹),
380 235 563 279 Tauriooe
593 242 729 277 eutem
764 233 980 293 prologum·
1006 239 1045 286 in
1079 237 1202 288 Rauis
1238 236 1459 294 perstringi
1484 248 1580 286 me·-

127 302 332 357 mieisact,
373 299 439 345 iilo
480 297 708 344 scholiastae
752 300 980 347 testimonio
1013 297 1199 353 adhibite
1224 302 1411 366 conjecit,
1454 302 1578 348 Euri—

125 366 297 428 ρίάσω
295 369 507 422 minorem,
524 379 664 426 quum
701 366 954 429 iphigeniam
980 363 1237 417 Aulidensem
1270 370 1429 415 iterum
1450 381 1578 426 agen-,—

130 434 226 479 dam
260 437 431 487 curaret,
465 433 539 477 alia
574 424 820 485 detraxisse,
856 435 931 477 alia
957 436 1179 490 addidisse3
1213 438 1266 479 ita
1290 445 1332 480 et
1355 435 1577 493 prologum,

132 500 250 558 cujus
300 499 568 558 fragmentum
621 498 800 544 AElianus
849 503 1049 556 servavit,
1103 504 1274 546 recisum
1326 504 1364 547 in
1414 502 1577 561 ejusque

129 566 260 610 locum
293 581 443 610 novum
465 562 730 624 ‘suppositum
765 574 806 610 et
842 570 1102 625 posteriorem
1131 568 1266 626 parodi
1292 578 1482 626 partem,
1501 574 1577 627 qua

127 632 362 676 Graecorum
394 630 533 675 classis
564 629 818 687 describitur,
852 633 1100 678 inculcatam.
1167 634 1324 683 Jamdiu
1353 635 1459 691 jacet
1492 634 1578 681 haec

127 698 354 754 conjectura
388 696 573 741 omnibus
608 697 806 755 praesidiis
839 698 1044 743 detractis.
1098 704 1230 760 Atque
1263 715 1314 744 ex
1348 700 1581 750 hocscho?

128 762 179 807 lio
214 772 383 823 apparet
424 762 519 808 nihil
560 762 668 807 aliud
701 762 805 807 effici
840 779 977 823 posse,
1022 781 1143 824 quam
1179 765 1425 815 occasionem
1456 766 1578 810 fuisse

127 828 308 889 Euripidi
352 831 492 875 minori
535 830 659 889 patris
696 828 870 875 fabulam
905 831 1146 877 retractandi
1183 831 1456 892 mutandique‚
1502 846 1576 906 uon

128 895 170 940 id
205 894 356 941 factum
391 900 497 944 esse

228 973 426 1027 Quoniam
471 974 589 1031 igitur
634 970 685 1014 de
725 975 970 1030 argumentis
1004 977 1255 1024 extrinsecus
1288 971 1580 1049 conquisitis'j,

131 1038 277 1098 quibus
312 1039 658 1096 interpolationum
694 1040 946 1113 suspiciones
976 1042 1166 1093 nituntur,
1202 1055 1274 1099 pro
1308 1041 1477 1084 consilio.
1501 1057 1580 1086 no·-

125 1112 211 1149 stro
242 1102 444 1161 diximus,
488 1118 595 1148 nuuc
628 1102 677 1146 ad
719 1103 894 1148 fabulam
938 1107 1065 1165 ipsam
1103 1104 1376 1164 aggrediente³
1416 1108 1577 1152 videbi-

126 1183 243 1225 mus,
296 1170 438 1230 qualia·
475 1172 555 1214 sint
604 1184 695 1230 quae
741 1171 778 1213 in
824 1171 913 1229 ejus
955 1173 1064 1215 initio
1091 1181 1146 1215 et
1180 1174 1291 1216 exitu
1326 1186 1395 1216 eas
1429 1168 1573 1218 confir-

126 1245 298 1282 marunt.

226 1314 286 1358 Ac
328 1312 514 1374 prologus
556 1312 738 1373 quidem,
778 1317 965 1377 quoniam
1008 1315 1198 1373 singulari
1242 1315 1412 1375 quadam
1455 1316 1576 1362 forma

126 1383 303 1450 scriptus
343 1389 426 1435 est,
475 1396 550 1425 non
595 1382 722 1439 potuit
765 1396 839 1424 uon
882 1382 1123 1440 suspiciosos
1158 1381 1293 1426 oculos
1326 1383 1363 1426 ln
1398 1390 1442 1427 se
1476 1398 1578 1428 con-

128 1457 301 1492 vertere.
378 1448 480 1491 Nam
531 1461 655 1507 quum
701 1461 753 1490 ex
797 1445 941 1491 fabulis
983 1446 1237 1502 Graecorum,
1284 1462 1375 1508 qvoe
1416 1449 1575 1509 quidem

127 1511 244 1570 nobis
266 1515 434 1579 cognitae
456 1514 553 1568 sint,
590 1513 696 1557 nulla
726 1513 778 1557 ab
801 1517 1016 1573 anapaestis
1043 1516 1201 1573 incipiat
1229 1523 1373 1571 praeter
1397 1516 1574 1576 AEschyli

124 1567 293 1635 Persas,
336 1578 569 1639 Supplices,
610 1579 900 1638 Myrmidones,
946 1580 1229 1624 Prometheum
1264 1580 1491 1637 λυόμενον,
1537 1585 1573 1627 iu

125 1645 274 1705 quibus
315 1646 521 1706 prologum
566 1648 646 1704 agit
680 1647 847 1701 chorus
892 1662 966 1690 una
1008 1647 1206 1704 Iphigenia
1243 1649 1281 1690 in
1315 1649 1455 1692 Aulide
1491 1652 1573 1692 ini-

121 1713 223 1757 tium
272 1712 395 1757 babet
423 1710 709 1770 anapaesticum
746 1728 766 1756 a
807 1715 986 1771 personis
1031 1714 1132 1756 inter
1176 1728 1219 1756 se
1264 1713 1575 1774 colloquentibus

123 1776 443 1837 pronunciatum.
513 1779 597 1821 Nec
636 1779 788 1834 minus,
832 1781 1038 1838 inquiunt,
1083 1786 1218 1840 contra
1268 1794 1414 1823 morem
1450 1782 1572 1825 Euri-

212 1922 242 1969 Ι)
269 1922 365 1960 Idem
393 1932 438 1959 ex
467 1932 507 1958 σο
535 1923 721 1967 conclusit,
757 1922 849 1970 quod
887 1921 1139 1966 Alcmaeonem,
1174 1932 1254 1970 quae
1279 1921 1450 1967 tragoedia
1478 1923 1574 1969 ejuss

121 1978 202 2016 dem
228 1987 270 2014 ac
296 1971 472 2025 iphigenia
501 1977 646 2023 trilogiae
673 1981 782 2021 emet,
807 1976 879 2023 jam
909 1978 953 2013 in¹
972 1976 1157 2023 Equitibus
1171 1976 1574 2024 Aristophaneecarpse-

120 2037 175 2069 rat
201 2032 268 2080 (01.
296 2033 427 2080 ee,4).
481 2031 619 2068 Scilicet
647 2032 839 2069 Boeokhius
867 2042 972 2067 unam
1001 2035 1138 2068 tantum
1167 2030 1231 2067 boc
1257 2032 1395 2067 nomine
1423 2031 1571 2070 fabulam

119 2088 256 2133 posuit,
290 2097 378 2133 quas
411 2087 499 2122 duas
526 2087 630 2122 luisse
654 2087 726 2131 jam
754 2090 908 2121 constat:
944 2086 1086 2121 Bothius
1113 2085 1252 2130 quidem
1280 2089 1349 2120 tres
1375 2087 1573 2132 constituit,

118 2140 204 2177 Eur.
233 2140 289 2177 Fr.
316 2152 349 2187 p.
379 2141 442 2176 28.
1485 2146 1495 2159 ·

206 2191 243 2239 ¹)
269 2193 457 2232 Omisimus
488 2190 648 2238 Athenaei
685 2193 796 2230 locum
833 2194 928 2230 Xlll.
964 2204 997 2240 p.
1029 2196 1117 2228 562.
1141 2192 1199 2237 E„
1227 2203 1330 2238 quem
1357 2193 1399 2228 ad
1428 2205 1459 2230 v.
1491 2197 1568 2230 550

117 2250 222 2288 affert
256 2248 514 2294 normannus,
537 2248 749 2284 uberrimum
786 2247 881 2284 illum
917 2247 1058 2295 quidem
1087 2247 1130 2282 ad
1158 2246 1372 2293 conjecturas
1398 2248 1571 2285 iaciendas

115 2307 177 2344 sed
206 2317 251 2343 ex
279 2314 351 2352 quo
378 2302 460 2339 nibil
489 2303 572 2339 certi
599 2303 644 2339 de
672 2303 735 2340 hac
763 2302 876 2340 tabula
906 2303 1033 2339 hauriri
1062 2301 1185 2348 possin
1214 2302 1296 2337 item
1325 2301 1495 2339 Plutarchi
1523 2303 1567 2339 de

118 2361 249 2397 tuenda
276 2359 426 2394 sanitate
455 2360 598 2403 p-132
626 2357 664 2393 B.
693 2358 774 2399 (vid.
804 2357 918 2395 Herm.
946 2357 989 2392 ad
1020 2367 1050 2391 v
1082 2355 1190 2400 ⁵56),
1218 2365 1287 2401 quo
1315 2355 1503 2392 Boeckbius
1525 2357 1569 2393 ad

121 2414 293 2462 duplicem
323 2412 558 2450 recensionem
588 2412 802 2449 efficiendam
831 2413 962 2451 abusus
988 2414 1052 2448 est.
1094 2409 1166 2447 Nec
1193 2409 1273 2457 plus
1292 2412 1401 2457 valet,
1428 2411 1544 2460 quod
1534 2425 1569 2449 m

122 2470 346 2515 inscriptione
374 2467 428 2502 illa
459 2467 636 2502 marmoris
663 2469 796 2512 antiqui
825 2467 916 2510 (vide
947 2466 1070 2502 Matth.
1093 2465 1188 2501 Tom.
1210 2464 1270 2499 IX.
1299 2476 1331 2510 p.
1353 2467 1472 2510 2—3)
1499 2478 1569 2502 una

122 2527 260 2577 tantum
288 2520 464 2570 Iphigenia
492 2525 799 2567 commemoratum
833 2531 914 2558 nam
944 2520 1008 2557 hoc
1033 2501 1233 2565 sculptoris
1243 2517 1380 2556 arbitrio
1407 2521 1571 2557 commis-

121 2589 201 2623 sum
230 2570 301 2622 est,
328 2577 388 2623 qui
417 2581 452 2611 et
481 2574 712 2617 Alcmaeonem
741 2580 777 2611 et
807 2576 1022 2621 Melanippen
1044 2584 1149 2608 unam
1166 2574 1289 2629 posuit,
1317 2584 1463 2620 quarum
1479 2577 1569 2612 utri-

123 2642 236 2680 usque
265 2631 400 2666 nomine
430 2629 518 2665 duas
546 2629 677 2665 fabulas
704 2631 824 2666 statuit
853 2630 942 2665 idem
973 2627 1134 2664 Matthiae.
