1730 3063
832 155 889 200 18

139 267 279 320 efficit,
313 265 475 324 quodve
510 278 631 306 versu
672 263 761 307 405
797 262 905 305 elicit
938 268 1200 319 sententiam,
1232 278 1324 323 quae
1365 278 1504 308 vereor
1546 276 1591 310 ut

137 335 221 376 seni
242 329 350 375 imin
371 339 543 377 mentem
563 332 700 373 venire
719 331 902 388 potue-rit.
940 327 1232 387 Interpretatur
1250 331 1374 374 enim:
1397 332 1590 376 »menda—

137 401 208 443 ciis
242 397 462 441 obvolvens
507 398 668 454 virginis
703 397 906 454 nuptias.»
983 397 1184 455 Denique,
1230 399 1285 453 si,
1329 399 1433 456 quod
1473 406 1588 461 putat

137 463 425 520 Firnhaberus,
468 478 591 507 senex
627 465 833 519 opinatur,
875 462 1067 506 Achillem
1102 462 1276 507 oblatam
1319 465 1370 507 ab
1404 470 1587 522 Agame—

136 544 277 574 mnone
312 531 576 574 conditionem
604 531 844 587 ‘accepisses
872 537 916 571 ut
955 531 1145 586 virginem
1179 544 1201 572 a
1240 532 1378 574 mortis
1416 530 1586 589 periculo

134 597 357 650 liberaret3·
379 596 576 656 quomodo
601 606 731 653 potest
767 612 804 638 ν.
835 595 924 638 424
954 597 1217 653 interrogare,
1253 611 1380 640 nonne
1404 598 1583 641 futurum

131 667 205 716 sit,
243 673 289 706 ut¹
320 663 492 717 Achilles
527 671 687 720 sperata
719 661 884 718 conjuge
922 662 1139 706 frustratus
1172 665 1253 717 regi
1278 664 1444 722 ejusque
1470 667 1582 707 uxori

131 730 367 773 irascatur?
410 730 548 788 Neque
583 727 852 771 enim²··hebeti
881 726 954 770 -illo
988 729 1119 771 animo
1151 737 1191 771 et
1227 737 1377 771 terrore
1413 739 1581 787 pertur-

130 797 222 841 bato
270 796 370 838 adeo
412 795 502 838 licet
544 795 675 846 abuti,
722 804 766 836 ut
807 796 892 837 seni
927 810 1006 837 non
1042 795 1157 837 modo
1194 809 1318 851 prava
1352 804 1393 838 et
1426 796 1478 839 ab
1514 798 1580 849 iis,

127 875 218 922 quae
244 870 487 914 narrantur,r
533 860 690 904 diversa
723 860 941 915 sententia5
983 859 1054 903 sed
1097 874 1146 903 ea
1168 862 1298 916 ‘etiam
1334 860 1506 904 absurda
1542 872 1583 905 et

126 931 208 987 ipsa
247 942 383 971 secum
429 939 607 985 pugnans
651 926 866 980 tribuatur,
908 930 1293 985 praesertimquum
1330 928 1485 971 illorum
1528 929 1579 972 de

129 997 298 1038 ministri
335 1008 503 1052 persona
533 993 727 1051 judicium
764 994 866 1035 omni
906 1001 1034 1051 poetae
1072 994 1294 1036 testimonio
1320 1004 1474 1049 careat,
1509 999 1576 1054 qui

124 1060 306 1103 callidum
361 1062 490 1117 potius
533 1067 743 1117 eum-[nec
786 1059 898 1101 facile
925 1058 1002 1101 .de
1033 1068 1143 1103 statu
1189 1060 1388 1116 dejectum
1435 1061 1577 1105 fecisse

127 1126 324 1169 videatur.
378 1127 523 1184 Neque
560 1137 676 1167 vero
683 1124 931 1183 persuadent
955 1126 1138 1183 exempla
1164 1140 1185 1169 a
1212 1124 1454 1169 Firnhabero
1478 1142 1578 1202 pro-

123 1192 224 1245 lata,
269 1192 415 1266 quibus
459 1206 574 1234 suam
622 1194 835 1234 rawtionem
849 1192 1111 1234 commendat.
1143 1193 1432 1250 Quamquam
1469 1196 1574 1237 enim

119 1262 268 1316 saepius
310 1258 372 1300 fit
400 1261 436 1299 in
483 1259 634 1301 Graecis
679 1246 912 1314 tragoediis,
962 1266 1006 1300 ut
1041 1273 1132 1316 quae
1174 1259 1221 1301 ad
1259 1258 1430 1316 aliquem
1468 1260 1573 1303 dicta

120 1328 198 1368 sint
235 1339 327 1367 non
348 1330 459 1367 recte
492 1324 542 1367 ab
579 1324 652 1366 hoc
690 1323 984 1380 intelligentium
1031 1334 1160 1367 tamen
1197 1326 1432 1384 plerumque
1466 1325 1572 1370 hunc

117 1405 290 1435 errorem
334 1391 403 1434 a³ut
437 1391 489 1433 ab
524 1405 590 1442 eo,
643 1393 719 1449 qui
745 1390 940 1448 loquitur,
991 1390 1269 1434 deindustria
1309 1392 1412 1447 injici
1449 1393 1571 1434 vide-

118 1473 208 1501 mus
242 1456 314 1501 aut'
347 1472 397 1501 ex
432 1459 672 1499 necessitate
704 1456 882 1514 quadam
913 1456 1096 1500 humanae
1131 1467 1285 1501 naturae
1321 1458 1464 1513 fluere,
1505 1459 1570 1503 ubi

119 1540 251 1567 rerum
288 1526 445 1566 novitas
485 1523 546 1565 vel
582 1525 770 1565 atrocitas
806 1537 957 1566 animos
987 1524 1251 1567 -vehementer
1275 1527 1475 1568 concutiat
1500 1526 1568 1568 fa·-

112 1593 291 1649 clatque,
327 1598 371 1632 ut
405 1604 496 1647 quae
533 1598 744 1630 narrantur
780 1588 844 1630 vel
873 1589 1160 1631 addubitentur
1187 1590 1247 1631 vel
1277 1604 1466 1645 perverse
1490 1607 1567 1634 ac-

113 1658 321 1713 cipiantur.
391 1658 523 1715 Atque
558 1654 606 1697 ad
645 1654 731 1697 haec
766 1654 848 1698 sere
885 1663 926 1697 et
960 1655 1277 1713 frequentissima
1315 1663 1355 1698 et
1391 1656 1441 1699 ad
1464 1672 1566 1716 pro-

112 1722 357 1765 babilitatem
395 1723 599 1780 aptissima
637 1735 779 1777 genera
816 1723 1015 1779 pertinent
1051 1721 1113 1764 illa
1151 1721 1383 1765 Firnhaberi
1418 1738 1566 1766 exem-

111 1789 173 1846 pla
187 1785 242 1846 ¹),
270 1781 324 1831 ¹u't
359 1802 434 1831 non
470 1787 638 1830 multum
677 1786 832 1830 valeant
866 1785 915 1830 ad
953 1797 1047 1830 tam.
1068 1796 1287 1831 contortam
1322 1789 1563 1848 explicatio-

108 1870 197 1897 nem
234 1854 533 1901 defendendam.

206 1922 401 1975 Quoniam
448 1921 586 1978 igitur,
638 1928 682 1963 ut
725 1918 918 1973 diximus,
955 1936 991 1963 v.
1029 1919 1272 1966 98--403
1320 1924 1556 1967 sententiam

105 2002 270 2031 necesse
305 1997 367 2031 est
404 1989 450 2030 iis
486 1996 794 2045 consequentem
832 1987 1001 2041 habere,
1046 2003 1138 2046 quae
1174 2004 1211 2030 v.
1246 1989 1304 2031 97
1344 1992 1558 2032 continen-

191 2117 217 2159 ι)
246 2117 362 2152 Unum
393 2116 524 2160 attulit,
562 2118 659 2162 cujus
687 2119 868 2162 singularis
904 2118 1064 2164 quaedam
1103 2119 1185 2152 ratio
1214 2129 1287 2153 esse
1317 2116 1467 2164 videtur,
1508 2132 1554 2156 ex

100 2172 293 2209 Phoenissis
328 2170 580 2217 depromptum.
637 2172 684 2207 lbi
720 2173 812 2209 enim
845 2179 1024 2220 postquam
1055 2172 1261 2219 paedagogus
1298 2184 1328 2208 v.
1359 2177 1406 2209 95
1438 2176 1553 2211 omnia

98 2240 134 2262 se
163 2229 251 2263 dixit
279 2227 536 2272 expositurum:

406 2284 430 2321 ἄ
454 2286 479 2322 τ’
504 2286 599 2322 εἶδον
622 2286 800 2331 εἶσὴκουσά
825 2285 848 2322 τ’
869 2286 1037 2336 Ἀργείων
1059 2286 1157 2335 πάρα

405 2342 561 2378 σπονδὰς
581 2342 627 2376 ὅτ’
653 2342 766 2386 ἦλθον
789 2343 838 2388 σῷ
859 2342 1058 2388 κασνγνὴτῳ
1082 2344 1216 2389 φέρων,

95 2402 316 2440 nihilominus
345 2402 516 2450 Antigona
547 2402 659 2450 paullo
689 2406 762 2450 post
791 2404 835 2446 (V.
854 2403 948 2445 141)
972 2403 1114 2449 quaerit:

92 2470 133 2506 οὐ
164 2473 199 2507 δ’
231 2470 262 2508 ὦ
283 2474 387 2519 γέρον
418 2473 494 2509 πῶς
520 2473 677 2509 arcadiae
712 2470 810 2514 uide,-
860 2468 905 2502 ita
942 2472 981 2503 ut
1019 2467 1072 2503 ille
1108 2465 1279 2514 quomodo
1321 2468 1353 2503 id
1392 2469 1546 2504 rescierit

91 2522 205 2557 denuo
234 2522 403 2568 explicare
431 2527 582 2568 cogatur.
647 2522 684 2556 ln
714 2532 781 2568 quo
810 2523 1023 2568 agnoscitur,
1062 2522 1096 2557 ni
1127 2520 1241 2566 fallor,
1276 2523 1419 2557 anxium
1449 2533 1543 2568 prae-

90 2579 233 2613 cavendi
270 2578 442 2622 studium,
481 2588 542 2623 ne,
576 2577 667 2625 quod
697 2577 875 2622 Euripides
911 2581 946 2612 et
973 2577 1053 2613 alibi
1090 2582 1124 2613 et
1153 2578 1304 2623 ipsarum
1334 2577 1540 2614 Phoenissa-

88 2643 163 2666 rum
195 2645 225 2668 v.
258 2636 413 2668 751—2
446 2632 612 2679 Aeschylo
641 2631 864 2677 exprobrasse
893 2635 1051 2677 putatur,
1082 2633 1154 2678 ipse
1181 2632 1429 2678 committeret,
1457 2637 1497 2669 ut
1518 2644 1538 2668 a

85 2689 237 2724 veritatis
263 2689 375 2734 specie
403 2688 620 2725 abhorrentia
649 2690 864 2723 commentus
893 2687 1078 2722 videretur.
