1730 3063
845 155 901 197 55

144 267 304 308 tertiam
342 267 447 308 arsin
483 263 677 319 incidens,
709 264 867 322 qualem
896 263 1086 308 babemus
1124 280 1159 307 v.
1187 264 1333 317 4572;
1369 277 1457 306 nam
1481 266 1514 307 si
1539 278 1590 307 o-

146 333 276 375 mnino
313 333 420 374 vocis
455 331 674 374 terminatio
707 331 746 373 in
781 330 905 374 soluta
942 333 1020 374 arsi
1057 329 1291 389 displicebat
1326 331 1415 388 (nisi
1441 344 1591 388 seque-

142 408 252 440 retur
297 396 490 454 enclitica)
522 399 680 453 gravior
720 396 783 438 illa
819 411 984 440 caesurae
1006 398 1140 440 incisio
1166 397 1239 439 boc
1265 397 1350 439 loco
1374 411 1449 439 non
1475 405 1594 454 pote-

144 473 207 507 rat
241 478 317 506 non
354 461 476 505 multo
520 463 706 519 majorem
751 461 898 506 habere
938 462 1204 511 offensionem.
1262 465 1313 506 At
1349 473 1480 505 tamen
1515 476 1590 504 non

141 529 284 573 desunt
328 528 531 586 exempla;
576 542 702 587 neque
738 530 894 571 etiamsi
931 529 1099 588 exempli
1133 543 1252 572 causa
1297 529 1409 585 hujus
1447 527 1589 572 fabulae

141 611 180 638 v.
207 596 299 639 659
340 604 380 638 et
415 595 577 639 Helenae
613 593 720 649 294,
760 597 796 637 in
833 595 974 654 quibus
1010 597 1167 639 nimium
1191 604 1380 654 quantum
1406 593 1590 654 displicet

140 676 325 705 sonorum
363 663 558 719 pravitas,
590 662 679 718 jure
714 670 885 705 mutatos
919 658 1050 720 esse')
1085 661 1358 715 concedimus,
1397 661 1484 705 ideo
1519 670 1589 703 aut

140 728 243 771 hunc
282 742 442 770 versum
456 724 490 785 ')
523 736 591 771 aut
627 727 768 771 Bacch.
795 729 887 771 807
925 727 1197 770 emendatione
1224 727 1400 785 indigere
1424 741 1588 770 necesse

140 803 222 847 est;
259 809 347 837 nam
384 793 454 836 hos
491 810 565 837 non
604 796 729 837 minus
763 793 933 837 elisionis
969 796 1028 836 vis
1062 808 1178 851 quam
1213 792 1411 850 Euripidis
1447 795 1484 835 in
1511 807 1590 849 po-

141 859 373 902 sterioribus
419 859 630 916 tragoediis
674 861 798 917 magis
839 861 1040 917 magisque
1077 860 1302 901 increscens
1336 872 1586 901 numerorum

140 925 371 982 negligentia
411 934 555 969 tuetur.

240 993 443 1035 Postremo
487 991 590 1051 quod
639 994 834 1050 anapaesti
877 1000 958 1035 tam
992 993 1166 1049 corrupti
1212 1006 1259 1034 ac
1293 991 1436 1051 perditi
1473 975 1585 1046 sunt,

139 1058 176 1101 id
214 1066 359 1116 praeter
404 1058 508 1102 illam
554 1073 735 1113 causam,
778 1073 867 1117 quae
914 1060 984 1101 toti
1029 1057 1179 1115 epilogo
1214 1059 1395 1115 injuriam
1431 1057 1584 1113 attulit,

137 1124 240 1167 haud
275 1124 348 1167 alia
388 1128 536 1168 ratione
572 1125 719 1168 factum
755 1134 836 1180 est,
881 1139 998 1182 quam
1032 1139 1108 1182 qua
1146 1127 1317 1168 omnium
1354 1124 1585 1183 tragoedia-

137 1206 223 1233 rum
260 1204 318 1233 eae
356 1201 509 1248 partes,
543 1206 632 1249 quae
668 1191 946 1234 non‘iambico
980 1198 1049 1233 aut
1078 1191 1273 1234 trochaico
1298 1206 1459 1234 numero
1485 1203 1585 1248 per-

138 1259 295 1316 scriptae
319 1267 430 1312 sunt,
469 1259 640 1300 maxime
677 1256 907 1300 deformatae
940 1257 988 1300 ad
1024 1271 1094 1300 nos
1126 1266 1405 1316 pervenerunt.
1452 1257 1583 1316 Atque

136 1338 256 1382 quum
298 1338 349 1366 ex
393 1323 530 1367 iisdem
565 1338 678 1382 paene
713 1323 848 1366 verbis
884 1323 1005 1367 bonos
1041 1333 1264 1381 anapaestos
1300 1322 1484 1366 videmus
1520 1323 1584 1366 le—

139 1392 296 1434 vissima
334 1405 451 1450 opera
475 1392 745 1446 concinnatOS,
779 1404 925 1434 casune
944 1389 1091 1434 factum
1115 1398 1155 1433 et
1181 1390 1341 1433 fortuito
1366 1390 1583 1448 putemus?

223 1520 249 1564 ¹)
278 1520 324 1557 Ut
351 1521 478 1557 factum
506 1525 558 1557 est
593 1532 613 1558 a
642 1521 808 1567 Porsono,
846 1521 1061 1566 Hermanno,
1096 1519 1188 1566 aliis;
1230 1520 1267 1556 L.
1295 1519 1491 1557 Dindorfius
1518 1532 1584 1568 pa-

135 1588 211 1612 rum
240 1576 304 1612 sibi
331 1580 494 1612 constans
522 1577 669 1612 alterum
698 1575 911 1621 emendavit,
943 1576 1089 1611 alterum
1117 1575 1265 1611 admisit.

219 1640 249 1686 ²)
284 1642 323 1677 In
360 1651 428 1688 quo
463 1641 633 1676 Porsonus
668 1640 805 1687 (Suppl.
832 1640 875 1676 ad
903 1640 1004 1675 Praef.
1032 1638 1123 1682 Hec.)
1166 1642 1254 1679 τοῦτ’
1294 1638 1339 1675 ab
1367 1638 1489 1686 epilogi
1516 1650 1584 1675 au-

133 1701 226 1735 ctore
253 1697 418 1744 scriptum
448 1696 551 1732 fuisse
579 1700 696 1743 putat,
731 1694 895 1742 probatus
922 1694 1129 1731 Hermanno.

723 2040 1017 2086 Corrigenda:

294 2134 376 2181 Pag.
408 2136 459 2170 10
503 2146 539 2169 v.
579 2137 637 2177 13,
657 2144 733 2180 sup.
762 2132 826 2180 leg.
856 2132 982 2169 fabulae

310 2208 365 2216 —
412 2193 461 2224 12
496 2207 551 2216 —
606 2189 631 2225 4
659 2189 720 2224 inf.
764 2207 819 2216 —
853 2188 983 2224 scilieet

309 2263 363 2271 —
406 2246 455 2279 16
493 2262 548 2270 —
578 2246 626 2279 15
665 2261 720 2271 -
769 2261 824 2270 —
858 2243 1009 2289 profecto

306 2317 361 2325 —
401 2300 453 2333 20
491 2316 546 2325 -—
602 2300 625 2333 9
655 2308 731 2345 sup.
772 2316 827 2324 —
862 2296 1038 2343 Iphigenia

307 2371 361 2380 -—
407 2355 457 2388 23
488 2371 544 2379 —
573 2354 622 2388 13
667 2371 721 2380 —
772 2370 827 2379 —
861 2350 1056 2387 confirmari

311 2426 365 2435 —
405 2425 460 2433 —
487 2425 541 2433 —
569 2410 618 2441 21
667 2424 722 2433 -
770 2424 825 2433 —
858 2406 1023 2441 insertam

309 2481 364 2489 —
405 2464 455 2497 29
485 2479 539 2488 —
595 2463 619 2496 6
666 2460 727 2496 inf.
768 2478 823 2487 —
857 2459 954 2507 plays

310 2536 364 2544 —
404 2516 456 2553 43
485 2534 540 2543 —
570 2517 620 2551 19
662 2533 717 2542 -
757 2514 826 2551 del.
853 2514 920 2551 sibi
