1730 3063
824 160 883 201 28

120 265 288 306 steriore
322 261 449 306 fabula
487 276 695 318 personam
730 262 904 319 aliquam
940 270 1194 305 sustenturus
1219 271 1344 314 esset;
1381 272 1469 303 nam
1496 275 1568 303 non

118 327 245 372 solum
290 326 384 385 quid
432 330 618 370 universe
661 327 764 370 illius
799 340 928 369 mores
963 337 1195 384 poscerent,
1239 325 1566 370 considerandum

121 402 228 447 erat,
274 392 343 435 sed
384 395 504 435 etiam
541 408 661 450 quam
697 395 813 435 animi
847 393 1094 435 affectionem
1121 407 1169 435 ·1n
1205 397 1260 436 eo'
1284 401 1462 451 praesens
1499 404 1568 433 re‘-

120 473 206 503 rum
242 467 372 501 status
409 460 649 517 requireret,
694 458 1008 510 observandum3
1046 461 1215 501 maxime
1255 474 1347 502 vero
1383 459 1456 500 hoc
1491 471 1566 499 ne·-

119 527 340 568 cessarium
378 525 500 567 fuisse
536 533 722 581 apparet,
761 524 825 566 ubi
855 526 942 582 quis
967 523 1124 580 prologo
1149 533 1237 567 acto
1261 526 1442 567 continuo
1467 535 1565 581 par-

116 600 176 633 tes
211 604 306 632 suas
341 599 658 648 persequeretur.
714 591 853 648 Neque
889 603 983 632 vero
1023 588 1122 631 hanc
1160 604 1240 633 rem
1280 604 1447 648 usquam
1473 589 1563 631 alibi

117 657 169 699 ab
206 655 393 711 Euripide
432 656 648 711 neglectam
687 657 809 697 fuisse
846 665 962 711 puto;
995 654 1098 712 quod
1135 656 1169 696 si
1193 656 1396 711 Hartungo
1420 655 1566 696 audia—

118 736 226 773 mus,
264 724 302 763 in
339 728 468 762 nostra
507 719 636 762 fabula
673 719 933 762 commissum
965 729 1037 763 est.
1095 722 1195 762 Nam
1233 720 1429 776 frigidiora
1468 733 1563 762 sane

115 796 210 831 sunt
259 800 350 845 quae
393 785 487 828 dicit
530 786 772 843 Aagmemno
819 802 854 829 v.
897 788 956 831 70
1005 796 1043 828 et
1076 788 1173 840 v86,
1227 801 1317 845 quae
1360 787 1440 828 sola
1488 786 1567 828 ali-

114 868 235 913 quem
270 853 387 895 animi
425 862 576 894 motum
614 851 803 909 produnt,
841 867 960 910 quam
998 863 1040 894 ut
1079 853 1163 894 haec
1189 855 1313 895 oratio
1340 851 1440 897 illius
1467 864 1563 910 per—

113 933 222 963 sonae
259 919 512 961 accomodata
559 918 636 960 dici
672 921 809 976 possit.
880 917 1069 961 conferas
1106 918 1222 962 vclim
1260 919 1437 976 prologos
1472 920 1561 961 An-

112 986 357 1037 dromachae,
405 986 731 1039 Phoenissarum,
775 984 955 1026 Herculis
991 985 1193 1038 Furentis‚
1230 984 1419 1039 Electrae,
1461 998 1561 1044 quos

114 1054 180 1111 qui
223 1059 367 1108 agunt,
405 1059 447 1092 ut
485 1051 548 1093 bic
585 1053 846 1108 Agamemno,
890 1050 990 1092 mala
1029 1050 1103 1093 sibi
1143 1051 1276 1093 vident
1313 1051 1559 1108 impendere;

110 1121 279 1172 senties,
313 1132 434 1175 quam
473 1117 655 1158 diversus
690 1118 739 1159 sit
775 1116 825 1158 ab
863 1116 935 1158 hoe
969 1116 1120 1159 illorum
1158 1131 1289 1160 sonus.
1348 1119 1396 1159 Et
1433 1132 1556 1175 quum

116 1185 234 1242 primi
273 1190 414 1225 versus
451 1185 689 1240 praecipuam
729 1184 806 1224 vim
844 1181 1034 1235 habeant,
1070 1186 1253 1239 quoniam
1291 1184 1336 1224 iis
1371 1182 1562 1225 indicatur

116 1252 218 1301 fere,
262 1262 341 1306 quo
363 1251 493 1290 'animi
531 1248 679 1290 affectu
714 1247 862 1306 reliqua
899 1249 1092 1306 expositio
1128 1249 1368 1306 proferatur;
1415 1251 1451 1292 in
1488 1249 1561 1292 illis

114 1316 282 1375 prologis
327 1314 535 1372 Euripides
579 1323 647 1356 aut
691 1307 1046 1357 exclamationibus
1093 1324 1162 1356 aut
1213 1318 1418 1371 perpetuis
1462 1329 1560 1357 sen-

114 1384 248 1426 tentiis
284 1383 459 1435 curavit,
497 1388 542 1423 ut
575 1379 678 1438 quod
706 1394 881 1438 personae
905 1381 1133 1423 conveniret
1157 1390 1398 1424 servaretur.
1451 1382 1560 1425 Con*

113 1460 173 1492 tra
218 1463 310 1506 quae
355 1448 419 1489 hic
464 1449 704 1503 Agamemno
740 1448 790 1489 ita
829 1448 964 1503 incipit
1001 1448 1282 1501 narrationem,
1334 1447 1561 1506 quasiillae

112 1531 178 1558 res
224 1514 314 1557 nibil
359 1513 407 1556 ad
451 1528 541 1555 eum
580 1515 814 1570 pertineant.
884 1511 1053 1569 Objiciet
1090 1513 1318 1571 Hartungus
1350 1515 1557 1572 prologum

108 1572 325 1640 'Iphigeniae
349 1582 477 1635 Taua,
513 1579 616 1637 quod
656 1581 769 1637 quasi
804 1578 1008 1636 exemplar
1043 1583 1244 1637 proponit,
1281 1595 1331 1622 ex
1368 1596 1445 1639 quo
1480 1581 1558 1624 ho-

111 1663 199 1692 rum
236 1657 417 1690 naturam
455 1648 599 1704 optime
635 1645 796 1702 intelligi
832 1646 986 1689 dictitat
1005 1641 1053 1702 ¹);
1091 1655 1133 1689 at
1167 1645 1273 1689 aliud
1308 1656 1369 1690 est
1405 1663 1453 1689 ex
1491 1649 1557 1690 in*-

108 1724 219 1759 certo
262 1715 402 1757 somnii
448 1714 672 1756 testimonio
715 1713 929 1770 suspicari,
976 1711 1082 1754 aliud
1120 1727 1254 1755 veram
1292 1714 1555 1756 calamitatem

113 1780 252 1823 videre
288 1782 557 1821 imminentem
595 1791 762 1835 eamque
797 1792 868 1820 sua
904 1777 1017 1835 culpa
1056 1777 1279 1821 adductam.
1338 1782 1476 1837 ltaque
1497 1780 1558 1823 bic

108 1846 296 1904 prologus
338 1844 476 1887 sedate
519 1853 558 1887 et
601 1843 844 1902 aequabiliter
879 1843 1018 1896 fluens,
1063 1860 1141 1903 quo
1188 1847 1371 1888 remotior
1407 1857 1468 1889 est
1504 1848 1554 1890 ab

107 1912 410 1971 Agamemnonis
459 1912 607 1965 animo,
658 1924 704 1951 eo
753 1911 877 1966 magis
927 1910 1017 1952 mihi
1073 1910 1227 1953 videtur
1270 1911 1321 1955 ab
1357 1912 1596 1972 Euripidis·

104 1987 190 2023 arte
224 1987 264 2022 et
300 1976 585 2022 consuetudine
619 1975 845 2020 abhorrere.

210 2046 305 2089 Plus
337 2046 446 2101 justo
484 2044 649 2085 fortasse
685 2058 816 2101 operae
854 2042 1008 2087 dedisse
1046 2043 1278 2101 videbimur,
1313 2053 1357 2089 ut
1392 2044 1442 2088 illi
1477 2046 1551 2088 viri

109 2111 395 2166 refellerentur,
444 2111 663 2169 praesertim
707 2124 830 2168 quum
875 2119 961 2154 aeta
1006 2112 1294 2170 quodammodo
1334 2115 1552 2168 egerimus;

107 2193 197 2222 nam
232 2181 284 2232 si,
329 2177 434 2236 quod
470 2175 678 2218 ostendere
714 2179 841 2218 conati
879 2190 1038 2230 sumus,
1084 2176 1290 2235 prologus,
1331 2178 1459 2237 qualis
1496 2180 1550 2222 li-

109 2245 271 2290 brorum
314 2243 391 2288 fide
437 2242 604 2286 traditus
647 2253 729 2296 est,
780 2241 880 2286 bene
923 2259 967 2286 se
1011 2244 1150 2299 habet,
1199 2260 1245 2287 eo
1280 2247 1364 2302 ipso
1400 2245 1550 2288 illorum

106 2312 346 2368 conjecturae
369 2319 463 2353 sunt
489 2309 682 2352 refutatae.
728 2307 805 2352 Sed
830 2317 869 2352 et
894 2308 944 2352 ad
968 2310 1145 2354 codicum
1171 2313 1444 2354 auctoritatem
1465 2313 1550 2355 ‘ali-

107 2377 200 2437 quid
247 2378 476 2420 incrementi
515 2375 829 2419 redundaturum
867 2376 1076 2434 putabam,
1120 2379 1153 2420 si
1196 2377 1350 2421 illorum
1386 2390 1551 2423 conatus

109 2445 198 2487 vani
236 2445 382 2502 reperti
417 2450 570 2495 essent,
607 2450 647 2484 et
681 2441 772 2485 illud
810 2444 1064 2501 perspicuum
1087 2441 1170 2486 fieri
1195 2444 1397 2500 volebam,
1431 2456 1549 2503 quem

108 2510 272 2554 arduam
317 2524 400 2552 rem
444 2522 644 2568 quamque
687 2509 946 2568 periculosam
991 2511 1015 2553 ii
1059 2512 1294 2569 suscipiant,
1338 2513 1405 2569 qui
1445 2513 1549 2570 quod

193 2657 222 2703 ¹)
250 2657 310 2695 Ed.
340 2657 409 2693 Lat.
443 2669 473 2704 p.
504 2658 575 2703 843
613 2656 728 2693 Germ.
763 2669 795 2704 p.
828 2661 914 2694 176.
