1730 3063
843 116 903 157 23

141 230 313 287 possint,
336 226 597 288 propulsatis;
631 233 675 268 ut
700 232 844 268 nostrae
868 225 1082 268 defensioni
1109 238 1156 266 ne
1185 223 1272 267 haec
1300 221 1457 282 quidem
1485 237 1588 266 con-

139 295 309 339 firmatio
349 295 473 346 desit,
515 305 652 334 eorum
689 294 904 335 sententias
936 291 1109 335 breviter
1137 290 1480 341 examinabimus,
1518 292 1586 348 qui

138 361 252 406 aliam
288 358 486 418 quandam
523 357 645 400 fuisse
679 359 890 415 genuinam
922 358 1070 417 prologi
1095 357 1259 401 formam
1282 355 1584 402 contenderunt.

138 430 221 471 Nec
245 433 376 469 tamen
401 433 471 466 aut
494 423 684 466 Mattbiaei
706 423 917 480 judicium,
942 426 1008 482 qui
1027 424 1252 480 »prologum
1273 422 1384 478 longe
1403 422 1517 463 aliter
1535 422 1586 465 ab

136 490 322 550 Euripide
346 492 607 532 constitutum
633 489 778 545 fuisse,
801 504 918 548 quam
945 499 988 532 ut
1013 505 1115 532 nunc
1140 488 1316 545 legitur»,
1340 496 1488 540 censet,
1515 498 1585 531 aut

135 568 381 609 ceterorum,
425 558 492 614 qui
529 555 626 598 alias
662 556 807 613 prologi
844 567 977 614 partes
1011 572 1061 599 ex
1098 555 1184 598 aliis
1220 553 1391 598 fontibus
1425 554 1585 597 ducen-

133 633 194 667 tes
229 622 319 665 nihil
357 621 407 663 de
443 621 606 679 singulis
642 621 827 665 versibus
862 618 1110 674 statuerunti,
1149 621 1242 664 libet
1277 630 1451 673 tentare;
1490 635 1580 663 nam

132 699 172 732 et
208 691 242 732 in
281 688 343 731 his
374 687 551 744 judiciis,
588 703 679 746 quae
715 688 807 731 nihil
842 700 996 732 certum
1021 704 1066 731 ac
1090 687 1292 732 definitum
1318 688 1578 742 constituant,

130 753 356 799 absurditas
400 755 737 813 repugnantiaque
773 756 979 799 commode
1014 755 1200 812 effugitur
1236 763 1275 796 et
1311 753 1432 797 multa
1467 766 1578 806 esse,

129 836 219 881 quae
255 821 337 864 fieri
375 823 594 879 potuerint,
640 821 744 864 haud
780 837 887 879 aegre
922 821 1184 864 concedimus.
1240 821 1504 878 *Quamquam
1540 820 1579 863 id

129 887 289 946 quidem
334 887 473 930 horum
519 890 693 930 omnium
740 889 975 945 conjecturis
1019 888 1170 943 obstat,
1218 885 1322 944 quod
1367 895 1424 929 tot
1467 888 1577 930 anti-

128 967 297 1012 quorum
332 954 572 1011 scriptorum
608 956 845 997 auctoritate
883 954 1084 1012 prologus,
1122 952 1251 1012 qualis
1285 952 1334 995 ad
1371 965 1441 996 nos
1476 966 1577 1009 per-

126 1020 253 1073 venit,
288 1018 522 1062 confirmare
562 1016 775 1076 videtur¹).
844 1024 975 1078 Atque
1012 1022 1096 1062 baec
1132 1020 1331 1078 praecipua
1368 1018 1442 1061 fuit
1472 1032 1576 1060 cau-

125 1098 189 1137 sa,
227 1098 298 1127 cur
329 1084 509 1142 plerique
544 1086 744 1128 Bremium
782 1083 1097 1143 improbarint²);
1141 1088 1206 1144 qui
1244 1084 1429 1127 Boeckhii
1468 1084 1571 1126 illam

125 1152 412 1206 conjecturam,
457 1153 572 1208 cujus
613 1166 731 1208 supra
770 1155 1004 1195 mentionem
1041 1153 1225 1205 fecimus,
1263 1151 1489 1208 amplexus,
1535 1152 1570 1193 in

124 1215 246 1258 altera
296 1216 413 1272 hujus
459 1217 673 1274 tragoediae
718 1221 946 1260 recensione
993 1220 1130 1276 paucis
1174 1219 1337 1259 mutatis
1379 1217 1569 1257 omissum

122 1282 242 1326 fuisse
278 1284 483 1341 prologum
521 1283 662 1327 iambis
697 1287 890 1342 scriptum
927 1281 1145 1343 putabat⁸).
1205 1284 1283 1328 Sed
1302 1284 1428 1331 ,etiam
1453 1281 1569 1325 aliam

122 1347 396 1392 difficultatem
440 1352 477 1392 in
522 1352 669 1393 Bremii
706 1353 902 1394 sent-entia
939 1353 1065 1394 inesse
1111 1350 1209 1393 vidit
1254 1344 1568 1405 Hermannus⁴),

121 1418 188 1474 qui
222 1427 437 1474 sequentes
472 1426 696 1474 anapaestos
734 1419 786 1460 ita
824 1433 914 1461 cum
952 1418 1090 1461 iambis
1127 1417 1328 1460 cohaerere
1375 1415 1568 1470 ostendit,

119 1490 165 1523 ut
201 1484 337 1524 recisis
373 1482 435 1525 his
472 1498 636 1525 necesse
671 1486 724 1526 sit
761 1498 944 1539 magnam
972 1493 1123 1541 partem
1150 1498 1307 1533 eorum,
1345 1496 1435 1539 quae
1461 1485 1567 1524 iam-

118 1546 179 1592 bis
219 1550 482 1605 continentur‚
527 1552 741 1609 anapaestis
775 1551 871 1609 ipsis
892 1550 1028 1594 ‚fuisse
1064 1552 1220 1594 inserta.
1289 1550 1428 1607 Neque
1454 1554 1567 1591 'vero

116 1614 166 1656 ob
202 1628 288 1656 eam
325 1616 447 1656 solam
484 1630 670 1671 causam,
705 1626 749 1658 ut
785 1617 932 1672 prologi
971 1627 1101 1672 partes
1138 1620 1238 1658 inter
1263 1630 1305 1657 se
1327 1624 1565 1670 congruant,

118 1681 142 1724 ii
186 1679 255 1724 soli
292 1679 433 1735 iambi,
471 1682 538 1740 qui
573 1680 622 1725 ad
660 1682 732 1726 hoc
767 1681 1013 1727 efficiendum
1049 1698 1148 1742 opus
1183 1691 1294 1734 sunt,
1331 1678 1400 1725 sed
1422 1694 1563 1724 omnes

115 1747 231 1789 iambi
281 1749 400 1789 totius
447 1748 592 1791 fabulae
627 1764 747 1792 causa
786 1750 877 1792 mihi
917 1750 1100 1792 videntur
1137 1749 1364 1792 desiderari.
1422 1749 1560 1804 Itaque

114 1812 223 1872 quod,
269 1822 403 1857 contra
455 1816 601 1859 Bremii
647 1818 816 1873 primum
862 1825 1138 1873 argumentum
1184 1815 1432 1874 disputantes
1471 1813 1560 1870 jure

113 1879 283 1936 quodam
330 1891 486 1931 nostro,
532 1884 621 1938 quia
669 1897 743 1923 non
780 1891 865 1923 erat
900 1892 1105 1937 negatum,
1142 1884 1404 1938 sumpsimuS,
1441 1882 1558 1920 etiam

112 1944 159 1987 ad
199 1948 323 2004 ipsam
363 1946 508 1990 fabulae
543 1949 736 1991 actionem
773 1948 937 2006 ejusque
974 1958 1119 1992 rectam
1146 1947 1437 2003 intelligentiam
1462 1960 1559 1988 ora—

111 2012 257 2053 tionem
295 2012 435 2055 iambis
471 2015 658 2069 scriptam
694 2028 793 2070 opus
829 2028 937 2065 esse,
973 2013 1008 2054 id
1043 2015 1121 2070 jam
1162 2012 1393 2064 videbimus.

226 2116 259 2164 ¹)
288 2119 328 2154 V.
361 2124 520 2158 17—20
550 2127 584 2158 et
624 2124 782 2158 28—33
812 2122 985 2167 Stobaeus,
1031 2124 1187 2157 17—19
1218 2126 1252 2156 et
1282 2124 1440 2156 29—33
1472 2120 1558 2156 Plu-

108 2172 267 2219 tarchus,
306 2177 517 2212 160—162
556 2174 660 2212 Orion
692 2176 902 2222 laudarunt3
945 2178 1048 2211 8—9
1078 2181 1111 2211 et
1148 2177 1224 2211 138
1254 2175 1359 2210 latine
1388 2176 1557 2221 expressit

106 2227 261 2273 Ennius;
288 2229 331 2264 ad
363 2233 412 2266 23
444 2233 595 2277 respexit
623 2231 743 2267 Mache
772 2232 937 2269 Comicus.
994 2232 1044 2266 Ex
1075 2231 1193 2266 iambis
1224 2235 1382 2266 71—77
1399 2230 1558 2266 Clemens

106 2280 382 2328 Alexandrinus,
418 2286 469 2320 80
499 2285 718 2331 Aristoteles,
756 2287 807 2321 84
836 2285 1033 2320 Eustathius
1061 2286 1186 2320 attulit.
1253 2285 1340 2320 Vide
1368 2284 1482 2320 Herm.
1511 2285 1553 2319 ad

104 2335 164 2371 hos
193 2346 311 2371 versus
340 2343 374 2373 et
403 2338 519 2374 Firnh.
549 2351 580 2386 p.
610 2340 742 2376 XXXI.

187 2395 224 2443 ²)
253 2401 366 2437 Herm.
395 2404 494 2440 Praef.
524 2417 555 2451 p.
578 2405 673 2452 vm,
702 2404 819 2440 Firnh.
849 2416 880 2450 p.
896 2404 1033 2451 XXVI,
1062 2405 1228 2450 Hartung.
1256 2403 1315 2440 Ed.
1335 2404 1405 2439 Lat.
1434 2415 1465 2448 p.
1488 2404 1553 2447 83,

101 2453 164 2489 Ed.
193 2455 292 2490 Cant.
323 2467 356 2501 p.
387 2462 477 2495 221.

188 2515 221 2561 ⁸)
251 2519 299 2554 Ita
330 2516 559 2559 Hermannus.
616 2523 650 2559 Si
679 2521 891 2560 Firnhabero
920 2525 963 2569 (p.
993 2523 1112 2569 XXX)
1142 2524 1329 2569 credimus,
1358 2530 1550 2571 anapaestos

102 2570 256 2608 Bremius
283 2575 325 2608 ad
357 2579 503 2620 priorem
533 2579 766 2614 recensionem
797 2579 972 2614 referebat.

188 2634 222 2681 ⁴)
251 2638 350 2675 Praef.
377 2651 410 2687 p.
441 2641 622 2678 xt—xn.
