1730 3063
835 160 894 202 54

134 268 310 329 etant-¹),
349 288 385 314 ν.
415 271 538 315 4613
575 271 739 314 elisione
778 273 954 329 quintam
984 273 1097 315 >arsin
1127 282 1348 329 praegressa
1373 267 1477 315 haud
1503 282 1593 310 me—

135 337 324 389 diocriter
361 334 578 396 levatur¹);
628 337 799 381 alterum
843 339 918 381 etsi
962 338 1093 379 minus
1129 336 1231 380 bene
1266 328 1469 378 conditum
1502 348 1592 378 esse

138 419 220 447 non·
251 418 462 461 negamus,
484 413 631 454 *tamen
666 404 769 461 quod
805 413 847 446 et
882 402 1067 460 AEschylo
1101 413 1142 445 et
1175 402 1358 460 Sophocli
1392 410 1432 443 et
1457 403 1592 442 maxi-

139 484 203 513 me
238 469 414 528 Euripidi
449 472 601 524 evenit,
636 478 678 512 ut
714 471 977 528 negligentius
1011 469 1233 512 scribentes
1268 476 1404 510 contra
1444 467 1590 523 legem,

133 536 250 592 cnjus
270 537 505 594 praesertim
543 538 615 594 ipsi
653 550 728 578 non
752 544 887 579 essent
912 537 1079 590 conscii,
1114 529 1350 592 sece1·ent⁸),
1386 533 1490 576 idem
1516 547 1590 575 non

137 610 270 660 potest
307 603 368 646 bie
398 600 611 645 adulterini
645 602 738 661 quid
777 604 907 645 inesse
941 601 1121 661 probare.
1283 654 1290 663 ἱ

236 667 438 712 Caesuram
474 667 643 726 denique
678 684 768 728 quae
805 668 849 711 fit
883 677 970 727 post
998 671 1157 711 tertium
1184 667 1322 725 pedem
1359 669 1463 725 (nam
1490 667 1589 709 benc

133 736 290 792 pariter
324 735 416 778 huie
450 732 601 791 epilogo
635 736 951 792 exprobrarunt)
989 734 1135 776 babent
1179 750 1214 776 ν.
1259 734 1404 788 4532,
1443 733 1587 786 4579,

144 799 284 844 ⁴593.
355 803 408 844 At
445 799 738 854 haec'caesura‚
774 815 1015 859 quamquam
1042 815 1116 843 non
1154 810 1286 844 exstat
1320 802 1480 858 saepius,
1517 808 1588 841 ta-

134 881 224 908 men
273 881 400 925 neque
443 880 532 907 rare
588 879 649 909 est
698 881 824 925 neque
870 866 1102 924 simpliciter
1146 865 1413 923 improbanda.
1483 866 1585 907 Nam

135 941 398 991 praeterquam
443 932 547 992 quod
585 932 766 992 dipodica
806 947 988 979 mensura
1025 935 1206 976 senarius
1239 935 1297 974 sic
1332 933 1500 990 partitus
1523 930 1586 974 *ab

136 998 401 1041 Alexandrino
447 1013 565 1042 versu
611 995 807 1056 differt⁴),
851 1014 956 1041 nunc
998 998 1074 1041 alia
1121 1000 1327 1049 incisione,
1371 1012 1473 1040 nunc
1508 997 1586 1040 eli—

130 1067 242 1108 sione
278 1064 364 1107 haec
399 1080 550 1109 caesura
584 1065 748 1121 lenitur,
790 1080 893 1108 nunc
927 1067 996 1107 »in
1033 1066 1208 1108 oratione
1241 1067 1351 1121 gravi
1390 1074 1430 1106 et
1466 1079 1582 1107 com-

132 1139 238 1174 mota
274 1133 481 1189 aptissime
525 1132 701 1175 adbibita
739 1128 1031 1188 invenitur.»‘).
1098 1130 1210 1183 Quod
1255 1132 1287 1173 si
1325 1133 1584 1188 quis-consi-

133 1196 338 1239 deraverit
373 1198 567 1255 simulque
601 1198 650 1240 ad
686 1199 922 1240 sententiam
962 1198 1100 1241 borum
1139 1211 1326 1239 versuum
1351 1197 1583 1249 attenderit,

131 1277 207 1305 nou
244 1262 359 1305 modo
395 1255 488 1306 nibil
525 1264 654 1306 vitiosi
692 1265 882 1322 reperiet,
936 1263 1005 1306 sed
1040 1275 1233 1322 eaesuram
1272 1262 1375 1305 illam
1412 1278 1581 1320 magno-

133 1343 227 1386 pere
263 1325 503 1387 probabit⁸).
526 1354 595 1363 —
630 1330 833 1373 Difficilior
869 1330 1029 1389 quidem
1067 1338 1129 1372 est
1163 1343 1313 1372 eaesura
1354 1332 1390 1371 in
1415 1329 1581 1375 solutam

219 1437 254 1484 ¹)
282 1439 436 1476 Tertium
472 1441 596 1487 adjecit
630 1441 849 1477 Hermannus
884 1440 972 1484 (vide
1001 1444 1119 1476 notam
1148 1441 1190 1476 ad
1221 1452 1251 1475 v.
1283 1444 1406 1487 1630,
1449 1440 1506 1476 ubi
1537 1451 1580 1491 εξ

127 1493 178 1529 bis
206 1493 373 1539 exemplis
399 1495 612 1530 subtiliorem
643 1495 734 1530 illam
761 1494 915 1541 regulam
945 1495 988 1530 ab
1018 1494 1258 1541 interpolatore
1283 1506 1351 1530 non
1368 1495 1580 1530 observatam

127 1559 201 1584 esse
229 1547 367 1593 colligit)
398 1560 427 1584 v.
447 1551 561 1585 1583.
617 1548 683 1593 Qui
712 1559 779 1595 qua
810 1550 940 1585 ratione
969 1548 1106 1587 Porsoni
1135 1543 1300 1595 regulam'
1319 1542 1438 1594 laedat,
1468 1559 1580 1596 neque

126 1602 181 1638 bio
216 1603 251 1639 in
282 1602 403 1650 Suppl.
430 1604 473 1642 ad
502 1605 601 1640 Praef.
631 1604 711 1640 Hec.
742 1615 875 1650 neque,
909 1603 1001 1650 quod
1035 1605 1159 1648 sciam,
1196 1604 1410 1639 Hermannus
1445 1605 1514 1650 ipse
1543 1604 1575 1637 in

125 1656 315 1693 Elementis
329 1658 489 1693 ostendit.
519 1657 702 1705 Utcunque
717 1663 780 1703 est,
796 1669 924 1693 caesura
947 1662 1190 1710 ἑφθημψερής
1203 1658 1234 1693 in
1245 1658 1308 1693 boc
1318 1669 1417 1693 versu
1434 1657 1577 1693 eandem

128 1711 197 1747 vim
226 1711 350 1747 babere
378 1712 500 1759 debet,
529 1724 632 1760 quam
663 1713 746 1749 alias
774 1714 808 1748 in
837 1712 901 1749 bae
928 1723 1030 1749 causa
1059 1715 1089 1748 ei
1120 1712 1240 1749 tribuit
1268 1713 1515 1757 normannus„

214 1776 242 1820 ²)
280 1778 350 1813 Hoc
384 1789 484 1825 aeque
521 1779 752 1814 necessarium
782 1783 852 1824 est,
880 1779 951 1813 sive
981 1779 1193 1813 iterationem
1223 1779 1403 1814 trochaicae
1431 1779 1577 1824 dipodiae

123 1832 194 1868 sive
223 1831 432 1869 debilitatem
462 1832 622 1868 trochaici
652 1833 786 1869 numeri
821 1832 887 1869 sub
915 1833 1017 1869 finem
1048 1843 1209 1868 versuum
1240 1833 1330 1878 (vide
1360 1834 1479 1869 Freese
1509 1833 1578 1869 l.'c.

124 1897 158 1932 p.
184 1889 280 1929 186)
315 1888 387 1922 sive
422 1898 525 1933 quam
562 1888 780 1922 Hermannus
815 1887 922 1922 Elem.
952 1898 985 1933 p.
1012 1890 1084 1922 115
1118 1887 1243 1922 indicat
1279 1888 1417 1924 Porsoni
1447 1888 1574 1934 regulae

124 1951 261 1976 causam
292 1942 394 1976 fuisse
421 1941 619 1976 statuimus.

209 2003 239 2047 ⁸)
271 2006 383 2041 Herm.
412 2005 476 2041 Le.
505 2006 548 2041 de
577 2006 640 2041 hac
668 2013 724 2042 re:
766 2005 855 2041 ”Sed
891 2007 969 2052 quis
997 2006 1201 2051 contendat,
1235 2007 1263 2041 si
1291 2008 1366 2042 aliis
1401 2008 1434 2042 in
1472 2008 1575 2043 rebus

123 2060 309 2107 aliquando
347 2060 612 2105 negligentiores
646 2060 786 2109 fuerunt
821 2064 951 2105 poetae,
988 2071 1166 2106 nunquam
1203 2071 1262 2096 eos
1290 2061 1352 2096 hac
1380 2063 1413 2097 in
1444 2073 1480 2097 re
1508 2064 1573 2097 ali-

123 2114 205 2162 quid
244 2115 373 2149 incuria
404 2114 589 2149 admisisse.
646 2112 744 2157 Quod
782 2124 844 2160 ego
878 2114 1019 2161 quidem
1049 2115 1245 2161 Euripidem
1283 2117 1317 2152 in
1347 2115 1470 2152 fabulis
1498 2122 1573 2163 post

121 2167 174 2205 Ol.
205 2169 391 2205 Lxxxlx
419 2170 553 2213 scriptis
583 2169 719 2213 fecisse,
755 2169 787 2204 in
818 2169 943 2215 quibus
971 2171 1112 2206 omnino
1147 2169 1253 2216 major
1280 2172 1433 2207 cernitur
1462 2173 1572 2218 negli-

118 2224 256 2270 gentia,
284 2223 375 2258 haud
405 2234 494 2268 aegre
522 2222 761 2258 crediderim.’'
817 2223 873 2259 cfr
902 2224 1034 2271 Freese,
1062 2224 1083 2259 Ι.
1105 2234 1134 2259 c.

203 2288 233 2330 ⁴)
265 2288 348 2324 Vide
378 2288 519 2333 Foeese,
549 2289 569 2323 1.
585 2300 615 2325 c.
645 2300 678 2334 p.
711 2291 798 2324 183.
857 2288 928 2325 Hoc
960 2289 1131 2337 Hartungi
1159 2299 1261 2327 causa
1291 2302 1484 2337 monemus,
1512 2293 1570 2339 qui

119 2345 266 2390 primum
297 2342 419 2390 epilogi
448 2354 584 2378 versum
616 2344 677 2379 boe
706 2344 844 2379 nomine
874 2348 982 2380 notat.

205 2408 233 2451 ὅ)
263 2409 375 2443 Herm.
404 2408 494 2454 Epit.
523 2406 674 2456 §.143.

205 2474 235 2518 ο)
264 2472 314 2507 lta
345 2483 375 2506 v.
406 2475 508 2509 1593
548 2473 628 2519 ipsis
657 2473 808 2509 numeris
844 2474 1145 2521 apte‘Calchantis
1174 2474 1430 2512 admirationem
1458 2477 1567 2522 signi-

115 2531 194 2567 ficat
223 2537 359 2564 cervam
390 2538 448 2573 pro
478 2527 608 2573 virgine
635 2527 862 2576 adspicientis,
892 2534 930 2564 ut
959 2530 1042 2566 nibil
1071 2541 1157 2576 opus
1183 2532 1227 2565 sit
1257 2532 1455 2567 violentiore
1478 2531 1568 2566 Her—

115 2583 233 2622 manni
272 2582 482 2626 mutatione3
518 2593 597 2617 nam
633 2583 809 2628 proximus
845 2595 962 2619 versus
998 2584 1155 2620 facillime
1189 2587 1299 2628 sanari
1329 2589 1458 2631 potest,
1494 2586 1565 2621 sive

116 2642 156 2678 ,ε
182 2639 282 2683 (cum
312 2635 474 2677 Huttero)
508 2636 581 2671 sive
604 2638 691 2686 ἡμῖν
720 2641 817 2677 (eum
848 2638 1076 2683 Firnhebero)
1112 2639 1184 2674 sive
1213 2643 1265 2691 ἄρ’
1306 2640 1357 2675 vel
1386 2639 1453 2674 tale
1481 2640 1563 2686 quid

116 2697 192 2740 post
221 2695 263 2740 ἦν
288 2692 438 2728 inserere
466 2690 596 2737 placet,
623 2693 695 2727 sive
723 2692 814 2728 aliud
843 2693 926 2739 quid
948 2691 990 2729 ad
1014 2705 1148 2729 versum
1166 2695 1375 2740 explendum
1392 2694 1564 2731 adbibere.
