1730 3063
837 63 897 109 ⁴2

141 168 240 237 lng‘n
261 169 514 218 omnibusb
583 169 656 215 His
688 170 820 245 igitur
842 180 886 216 et
911 178 1172 219 numerorum
1209 171 1345 217 idonea
1363 170 1583 229 mutando-

142 246 252 285 mm
267 234 422 292 reddita
456 244 525 300 ost
554 237 656 283 ratio
697 244 739 278 et
768 236 900 296 ipsius
934 235 1150 283 orationis
1159 245 1265 297 ιιιιιι
1283 251 1425 281 causa
1433 243 1491 281 'ex
1522 240 1584 282 A·

141 304 432 363 gnmemnoqis.
443 298 562 347 an'uni
586 302 807 348 affectione
838 312 947 349 recte
972 303 1163 364 repetita,
1174 292 1275 349 tum
1299 302 1400 348 finis
1410 302 1472 347 ad
1483 318 1585 380 spe-

141 367 315 415 eunome
347 360 569 425 docendos,
603 377 646 411 ut
679 364 909 426 oportebat,
942 371 1102 424 relatus.
1167 355 1432 431 Quamquam
1455 372 1584 413 minus

140 434 241 480 bene
283 442 509 480 ceterorum
537 431 746 493 Euripidis
789 435 1039 513 prologorum
1081 439 1333 490 excusatione
1368 451 1465 481 usus
1500 445 1583 490 est;

141 515 216 546 non
259 499 366 562 q'uod
408 501 551 546 borum
596 501 782 547 licentia
794 504 921 560 magis
965 518 1072 547 verae
1105 502 1317 561 tragoediae
1359 504 1584 563 conveniat,

138 565 210 629 sed
244 569 379 629 quia·
370 569 409 612 in
446 581 585 625 magna
623 562 759 610 iormae
793 569 1050 630 similitudine
1084 584 1158 612 non
1192 568 1328 612 eadem
1366 558 1505 627 hujus
1513 577 1585 613 ast-4

138 647 218 695 quc
250 636 389 679 eorum
423 641 487 679 est
520 633 702 678 conditio.
772 631 896 679 Ν3ιιι
911 634 971 691 bi,
1006 634 1130 696 quod
1142 629 1238 694 jure
1265 638 1463 712 opposuit
1470 636 1582 680 Har-

139 708 309 760 tungus,
353 702 537 777 quoniam
581 699 810 745 laxioribus
846 701 927 744 fere
971 701 1139 747 vinculis
1181 716 1272 746 cum
1307 703 1403 761 ipsis
1441 701 1583 745 fabulis

138 768 307 829 connexi
342 769 457 827 quasi
493 767 679 826 prooemii
713 768 838 810 instar
862 766 1058 837 obtinent,
1094 784 1168 813 non
1190 762 1239 812 ad
1262 783 1443 812 severam
1474 760 1577 811 illam

139 847 317 881 normam
358 842 470 881 sunt
480 832 700 892 exigendi,
747 847 824 892 qua
863 845 934 892 par
967 844 1030 879 est
1062 835 1245 895 reliquas
1268 834 1412 879 fabulae
1447 843 1581 893 partes

135 898 326 957 judicari,
372 900 463 947 huic
504 909 660 955 eutem,
702 899 753 943 de
795 914 873 958 qua
910 904 1149 959 quaerim‘us,
1192 903 1351 946 orationi
1384 901 1498 944 >nulla
1534 915 1582 944 eo

138 967 295 1011 nomino
342 967 452 1011 venia
479 961 626 1010 *datun
702 964 787 1014 Sed
827 979 901 1008 non
947 958 1047 1024 opus
1081 975 1142 1009 est
1186 965 1338 1020 illorum
1375 959 1581 1026 praesidio,

138 1045 266 1090 neque
302 1030 368 1078 ad:
389 1031 592 1090 Euripidis
625 1030 950 1075 consuetudinem
986 1031 1278 1088 refugiendum,
1301 1033 1393 1076 ubis
1419 1032 1581 1075 fabula-

137 1111 225 1139 rum
261 1099 519 1157 omniumque
554 1096 810 1150 artificiorum
847 1106 988 1141 natura
1024 1097 1251 1142 satisfaciat.
1298 1098 1399 1142 Nam
1432 1105 1476 1142 ut
1500 1097 1580 1141 bo-

135 1164 288 1208 minum
325 1164 670 1222 humanarumque
702 1178 846 1225 rerum
883 1165 1093 1227 imaginem
1123 1164 1322 1228 quandam
1367 1167 1403 1207 in
1439 1163 1581 1208 fabulis

133 1234 368 1307 expressam
403 1229 695 1284 desideremus,
738 1220 889 1285 tamen,
932 1222 1283 1307 quemadmodum
1309 1231 1444 1275 o'mnes
1477 1233 1581 1276 arti-

133 1294 251 1358 6338,
285 1299 431 1341 3ιί3ιιι
422 1298 507 1356 qui
544 1292 782 1340 simillimam
821 1299 905 1340 veri
941 1291 1111 1354 effigiem
1147 1296 1387 1352 elaborant,
1405 1296 1456 1340 e'x
1488 1312 1581 1340 ma—

134 1375 230 1429 gna
255 1361 362 1427 ejus,
403 1377 426 1406 e
469 1376 548 1422 quo
592 1361 886 1417 similitudinem
922 1358 1091 1416 ducunt,
1137 1363 1244 1425 'copia
1289 1377 1336 1405 ac
1370 1364 1580 1420 varietate,

134 1419 260 1498 quum
295 1431 425 1494 omnia
463 1443 536 1472 nec
570 1437 719 1487 queant
761 1443 832 1471 nec
868 1425 1085 1483 debeant,
1103 1443 1227 1488 pauca
1266 1430 1453 1485 retinent,
1480 1428 1579 1474 baec

133 1491 267 1538 autem
312 1497 371 1538 sic
413 1503 586 1549 mutata,
628 1503 764 1546 aucta,
808 1493 1072 1547 conformata,
1116 1503 1161 1537 ut
1196 1510 1270 1537 non
1305 1494 1429 1537 modo
1451 1501 1577 1538 ιοιιιιιι

133 1556 322 1623 quiddam
366 1569 407 1605 et
449 1560 486 1604 in
521 1575 566 1605 se
602 1560 833 1605 conclusum
869 1558 1062 1614 efficiant,
1106 1556 1198 1603 secl
1221 1562 1338 1604 etiam
1377 1558 1576 1606 commoda¹

133 1629 393 1704 perceptione
428 1626 673 1701 voluptatem
717 1626 906 1678 afferant3
955 1626 1008 1667 ita
1043 1624 1266 1668 fabularum
1288 1621 1469 1685 scriptor
1502 1629 1577 1670 non

133 1690 251 1740 modo
284 1709 336 1737 ex
370 1695 438 1745 iis,
461 1707 596 1758 quae,
636 1694 670 1738 si
707 1708 802 1736 vera
840 1707 904 1736 res
939 1692 1089 1749 agitur,
1126 1694 1334 1736 commixta
1365 1703 1484 1749 „sunt
1525 1711 1578 1738 o-

134 1762 257 1802 mittit
293 1760 439 1810 multa,
487 1761 672 1816 quoniam
707 1758 755 1800 ad
794 1760 988 1800 actionem
1027 1757 1151 1810 illam,
1195 1771 1272 1815 qua
1309 1757 1437 1801 fabula
1476 1756 1576 1801 con-

134 1819 304 1882 tinetur,
356 1792 450 1869 nihil
497 1823 668 1869 habeant
713 1826 921 1878 momenti,
977 1839 1116 1867 verum
1160 1822 1267 1867 addit
1311 1826 1428 1868 etiam
1472 1821 1576 1869 haud

131 1905 258 1951 pauca
292 1890 564 1951 perspicuitati
599 1891 829 1949 consulens,
866 1903 914 1932 ne
949 1889 1189 1946 intelligendi
1214 1884 1482 1933 difficultatem
1509 1889 1575 1933 i'a-
1603 1910 1607 1913 ⁷

131 1953 222 2004 bula
258 1955 551 2017 spectatoribus
588 1954 742 2001 habeat.
800 1956 979 2018 Quorum
1016 1964 1250 2021 utrumque,
1287 1955 1467 2000 omittere
1491 1954 1576 2001 dic'ro

130 2034 172 2069 et
205 2022 373 2078 addere,
409 2038 484 2065 non
519 2026 644 2080 magis
678 2032 787 2066 recte
821 2021 864 2064 fit
900 2036 1021 2081 quam
1060 2023 1288 2064 necessario.
1356 2021 1488 2073 Quare
1523 2035 1574 2065 o-

132 2091 265 2135 mnino
306 2102 497 2149 perverse
530 2088 707 2164 judicant
745 2090 787 2142 ii,
824 2086 903 2147 qui
937 2099 1029 2162 quae
1077 2090 1113 2130 in
1151 2082 1293 2130 sabulis
1327 2087 1441 2131 aliter
1475 2087 1574 2134 fiunt

131 2166 180 2202 et
207 2151 394 2199 dicuntur
429 2170 548 2214 quam
586 2157 623 2197 in
660 2123 906 2213 quotidiana
920 2154 1000 2197 vita
1048 2152 1097 2197 ob
1132 2153 1268 2212 ipsam
1293 2167 1379 2196 eam
1414 2153 1574 2198 causam

133 2220 429 2282 reprehendunt
464 2234 536 2263 nec
569 2221 788 2286 quidquam
825 2235 862 2262 ιιι
901 2223 948 2263 iis
982 2228 1251 2278 8ρ33ι3ιοιιιιιι
1287 2229 1472 2281 respectu
1507 2223 1575 2264 in-

130 2291 319 2349 stitutum
348 2286 494 2331 volunt.
552 2288 600 2330 Et
624 2301 747 2346 quum
772 2285 964 2345 ejusmodi
991 2285 1242 2345 reprehensio
1262 2285 1407 2343 justam
1433 2286 1576 2336 habeat

131 2357 343 2409 rationem,
374 2353 440 2397 ubi
467 2355 556 2410 (in
547 2355 593 2396 iis
615 2353 786 2407 scilciet,
810 2368 900 2413 quae
923 2352 972 2396 ad
996 2360 1275 2409 argumentum
1300 2351 1442 2396 fahulae
1467 2362 1574 2397 recte

132 2420 413 2482 explicandum
449 2421 689 2478 pertineant;
732 2430 863 2479 neque
901 2421 1007 2464 enim
1041 2418 1115 2462 alia
1159 2427 1253 2461 sunt
1286 2418 1572 2478 admittenda),

132 2497 203 2532 aut
235 2487 340 2547 quod
379 2501 556 2545 personae
589 2488 794 2529 conveniat
828 2501 903 2530 non
938 2487 1035 2529 satis
1069 2486 1120 2527 sit
1156 2482 1396 2527 custoditum
1432 2495 1500 2530 aut
1524 2502 1570 2531 ca

130 2555 235 2600 dieta
271 2555 332 2598 vel
369 2552 475 2598 sacta
512 2566 600 2597 esse
635 2553 860 2611 fingantur,
884 2567 1055 2612 quorum
1092 2566 1166 2594 non
1205 2550 1339 2594 idonea
1365 2553 1416 2595 sit
1450 2569 1572 2598 occa-
