1730 3063
815 110 871 156 ⁴5

124 239 199 269 non
242 224 348 267 servi
395 219 520 277 magis
563 228 684 275 quam
727 229 797 258 sua
843 229 963 259 causa
1011 212 1117 259 illam
1162 217 1423 260 narrationem
1459 215 1569 268 facit3

121 291 291 335 alterum
335 302 409 330 non
455 282 559 326 unde
601 280 829 340 oportebat,
880 296 932 324 ex
975 283 1179 336 versibus,
1229 285 1296 342 qui
1339 284 1570 341 praecedunt

121 353 422 414 Agamemnonis
466 352 682 392 orationem
725 350 874 422 quique
916 350 1157 391 contrarium
1203 350 1331 406 ipsum
1375 347 1572 405 efficiunt,

121 436 261 467 verum
297 433 349 461 ex
384 414 663 474 sequentibus,
698 417 765 473 qui
798 413 891 457 nibil
917 413 1102 471 probant,
1138 414 1417 473 depromptum
1443 412 1569 473 est¹);

123 489 283 533 tertium
318 485 464 542 partim
502 480 637 524 fictum
673 489 755 533 est,
792 483 936 539 partim
972 495 1022 522 ex
1056 481 1360 524 demonstrando
1395 480 1570 525 demon-

122 561 313 603 stratuum
349 561 438 591 nam
475 558 582 591 recte
618 561 661 590 se
697 547 842 590 babent
878 561 968 606 qnae
1004 547 1097 590 dicit
1131 549 1362 604 Hartungus
1394 547 1567 593 admissa

125 621 188 664 iiia
230 616 450 660 iamborum
487 615 735 672 trajectione,
778 628 897 672 quam
936 616 1020 672 ipse
1056 614 1168 657 fecit:
1212 624 1391 667 servato,
1429 617 1497 673 qui
1532 618 1571 659 in

121 687 229 730 libris
263 692 304 726 et
337 680 442 739 apud
477 689 630 723 ceteros
654 695 797 723 omnes.
813 680 983 723 editores
1016 689 1167 733 exstat,
1193 695 1385 723 versuum
1411 681 1567 736 ordine,

126 751 220 795 nihil
257 751 501 807 Agamemno
538 747 696 789 videtur
730 747 880 799 celare,
916 748 1046 790 omnia
1071 755 1208 805 aperte
1230 746 1462 803 confitetur,
1496 750 1572 792 etsi

122 833 142 861 a
180 817 357 860 ministro
399 828 473 856 non
513 822 619 855 recte
653 814 912 870 accipiuntur.

225 884 365 940 ltaque
401 894 472 923 nos
506 878 755 922 conferamus
798 878 847 922 ad
882 878 1052 923 alterum
1088 881 1233 923 Bromii
1269 888 1573 938 argumentum,

124 949 229 1010 quod
276 950 449 999 maxime
493 947 611 1003 hujus
656 946 801 1004 prologi
841 945 1070 989 defensores
1103 950 1309 990 cruciavit.
1378 946 1571 995 Versatur

123 1026 256 1060 autem
294 1016 330 1057 in
368 1015 626 1073 repugnantia
663 1027 820 1067 eorum,
863 1027 953 1071 quae
990 1012 1129 1056 iambis
1164 1016 1434 1066 continentur,
1477 1029 1568 1058 cum

123 1081 383 1141 sequentibus
418 1080 640 1137 anapaestis.
725 1081 912 1123 Narravit
949 1081 1051 1122 enim
1088 1083 1332 1136 Agamemno
1369 1096 1406 1122 v.
1441 1082 1569 1123 97-

131 1149 244 1199 ΜΟ,
280 1162 324 1190 se
362 1145 576 1204 impulsum
611 1160 632 1188 a
658 1145 835 1188 Menelao
870 1145 1024 1188 litteras
1047 1145 1096 1188 ad
1122 1146 1468 1203 Clytaemnestram
1493 1146 1574 1190 de-

122 1215 250 1269 disse,
299 1214 336 1256 in
371 1212 519 1271 quibus
556 1211 671 1254 filiam
714 1212 763 1254 ad
801 1227 844 1254 se
880 1213 980 1259 mitti
1013 1212 1156 1268 jubens
1191 1212 1433 1256 connubium
1478 1227 1571 1255 cum

124 1248 276 1324 Achille
312 1279 610 1338 praetexuisset,
645 1277 751 1336 quod
786 1278 1036 1321 mendacium
1072 1288 1219 1336 praeter
1254 1267 1507 1327 Calchantem
1532 1288 1573 1321 et

123 1346 279 1391 Ulixem
314 1354 355 1389 et
391 1344 613 1389 Menelaum
649 1345 792 1387 nemini
829 1359 918 1388 esse
954 1346 1171 1401 cognitum:
1208 1345 1244 1388 in
1269 1346 1317 1389 iis
1340 1354 1474 1389 autem
1499 1345 1574 1389 lit-

125 1414 241 1472 teris,
286 1427 388 1472 quas
424 1421 519 1454 tunc
556 1411 777 1454 traditurus
812 1420 939 1464 esset,
991 1411 1175 1454 mandata
1214 1412 1278 1455 illa
1313 1427 1402 1455 esse
1439 1422 1574 1482 retra-

122 1489 249 1524 ctata:
284 1488 325 1523 et
361 1487 491 1521 tamen
526 1479 671 1537 quaerit
704 1491 827 1521 senex
861 1493 898 1522 v.
931 1477 1043 1521 424:

367 1560 439 1598 καὶ
473 1558 565 1605 πῶς
593 1553 806 1609 Ἀχιλλεὺς
839 1556 1020 1612 λέκιρων
1056 1555 1265 1600 α’πλακων

370 1630 423 1677 οὔ
454 1622 564 1688 μὲγὰ
599 1635 747 1690 φυσῶν
780 1635 926 1689 θυμω)
958 1634 1112 1691 ἐπαρεῖ

369 1722 437 1754 σοι
470 1713 520 1772 σῇ
551 1709 585 1753 τ’
616 1709 780 1769 ἅλόχῳς

230 1798 340 1845 Hanc
376 1797 675 1859 repugnantiam
712 1809 757 1843 ut
791 1799 965 1854 tolleret,
1001 1799 1274 1852 Hermannus,
1313 1813 1573 1858 quamquam,

129 1868 174 1911 ut
211 1868 389 1918 videtur,
426 1879 502 1909 non
537 1869 622 1910 sine
659 1867 924 1919 dubitatione,
961 1870 1014 1909 ita
1050 1863 1210 1925 statuit,
1246 1880 1378 1922 regem
1412 1883 1449 1908 v.
1476 1868 1556 1909 97·

374 1941 428 1988 οὗ
459 1942 512 2001 δὴ
545 1942 586 1999 μ’
621 1942 808 2001 ἀδελφὸς
841 1944 985 1996 πάντα
1019 1946 1269 2001 προςφέρων
1303 1943 1431 1996 λόγον

374 2022 512 2065 ἔπεισε
545 2022 694 2079 τλῆναι
728 2021 861 2065 δεινά.

131 2108 171 2143 et
206 2116 245 2143 v.
275 2099 365 2144 404
403 2115 462 2158 sq.

307 2177 451 2222 naso
485 2178 578 2238 γὰρ
601 2180 716 2233 εἶχον
749 2177 870 2235 τήνδε
902 2175 1008 2234 πρὸς
1040 2174 1235 2235 δάμαρθ’
1250 2175 1377 2236 ἐμὴν,

306 2258 446 2315 ψευδῆ
481 2259 682 2317 συνάψας
715 2254 829 2313 ἀμφὶ
863 2256 1088 2312 παρθένου
1119 2257 1273 2311 γάμον.

306 2317 434 2388 μόῆοι
467 2333 509 2378 δ”
535 2333 720 2389 ’Λχαὶων
754 2336 873 2388 ἴσμεν
909 2330 965 2382 ὥς
998 2332 1082 2387 ἔχει
1115 2334 1217 2377 τάδε

306 2412 481 2467 Κάλχας
494 2444 508 2464 ,
537 2409 755 2462 Ὀδυσσεὺς
785 2410 1008 2460 Μενέλεώς
1040 2408 1110 2453 θ’·

221 2533 247 2576 ¹)
276 2535 439 2572 Versibus
471 2537 611 2573 demum
642 2541 719 2574 136
746 2548 796 2584 eq.
838 2536 1072 2584 Agamemno,
1115 2538 1283 2574 redeunte
1310 2537 1467 2573 instantis
1495 2538 1575 2576 mali

132 2587 356 2645 cogitatione,
391 2592 610 2628 festinatione
637 2603 722 2640 opus
749 2602 824 2629 esse
851 2592 1092 2629 animadvertit
1120 2598 1155 2629 et
1180 2601 1334 2638 servum,
1370 2595 1410 2627 ut
1438 2594 1576 2640 profici-

131 2650 179 2676 sci
208 2648 376 2692 maturet,
402 2646 613 2683 adhortatur.
