1730 3063
861 139 890 179 2

248 246 336 291 Jam
373 245 513 290 horum
556 245 827 304 conjecturaS,
870 258 962 304 quae
997 248 1034 290 in
1071 249 1222 306 origine
1257 242 1601 305 interpolationum

146 313 363 373 quaerenda
410 319 634 365 versantur,
685 325 758 353 nec
803 306 956 354 tentare
1001 315 1038 355 in
1075 307 1205 357 animo
1240 321 1302 356 est
1337 325 1410 355 nec
1441 323 1599 366 augere.

146 381 250 424 Nam
295 379 376 422 nisi'
411 375 460 420 de
495 378 589 436 ipsis
625 375 991 434 interpolationibus
1026 382 1156 423 sintne
1192 389 1236 423 et·
1266 393 1357 438 quse
1391 378 1468 421 sint
1502 388 1600 418 cer-

147 455 234 490 tum
279 440 453 496 constat,
508 443 585 486 illae
628 443 870 502 quaestiones
915 458 990 486 non
1038 445 1152 489 modo
1198 445 1291 489 nihil
1327 450 1493 503 prosunt
1526 440 1597 484 sed

147 519 266 556 etiam
309 510 457 554 obsunt
499 509 606 553 haud
652 523 791 567 parum
835 523 930 552 vero
974 511 1206 569 indagando.
1276 514 1454 556 Avooant
1494 508 1598 551 enim

144 578 322 636 judicum
367 578 518 619 animos
562 575 613 619 ab
659 577 741 634 ipsa
788 573 920 620 fabula
962 578 1130 637 ejusque
1175 592 1268 621 vera
1303 575 1524 620 conditione
1557 581 1598 616 et

147 643 195 687 ad
247 645 474 702 opinionum
524 649 744 686 commenta
791 640 1028 698 traducunt,
1078 659 1189 703 quae,
1241 659 1319 703 quo
1364 642 1598 699 ingeniosius

145 718 388 768 excogitata
404 718 499 764 sunt
531 723 691 768 quoque
727 706 990 766 probabiliore
1018 713 1158 768 speeie
1189 710 1386 764 alliciunt,
1425 721 1473 751 eo
1506 716 1601 757 maff—

145 778 206 836 gis
243 774 503 850 tragoediam
512 773 599 829 vel
625 773 768 827 indicta
801 787 927 825 causa
963 786 1208 836 suspectam
1229 776 1398 826 reddunt
1418 782 1461 821 et
1483 786 1598 832 aequo

147 845 378 901 integroque
407 834 554 899 judicio
589 841 772 892 obstant.
800 881 803 884 ,

246 909 374 968 Atqui
405 907 493 963 διες,
520 906 774 965 dijudicatio,
817 919 909 965 quae
945 916 1091 961 nostrae
1130 903 1345 966 tragoediae
1377 914 1514 966 partes
1546 903 1598 949 ab

147 958 339 1034 Euripide
368 976 452 1017 ¹sint
488 974 697 1031 proiectas,
731 987 823 1030 quae
857 972 909 1016 ab
932 973 1213 1031 interpolatore
1236 976 1415 1027 in'sertae,
1449 983 1490 1016 et
1511 971 1598 1015 dif-

144 1037 329 1101 ficillima
362 1048 426 1086 est
468 1048 509 1084 et
553 1047 728 1094 mentem
773 1039 939 1097 requirit
986 1038 1110 1091 nulla
1122 1038 1382 1111 praejudicata
1417 1040 1597 1100 opinione

144 1117 405 1165 ῳρξιιῳωιιι,
466 1109 567 1159 Nam
616 1108 649 1149 si
692 1107 848 1150 omnino
890 1107 929 1148 in
965 1108 1100 1150 critica
1142 1117 1229 1150 arte
1252 1121 1418 1156 summa
1452 1115 1494 1149 et
1527 1107 1596 1147 in·-

146 1175 250 1235 genii
286 1181 339 1231 et
361 1170 554 1231 doctrinae
599 1173 660 1216 vis
703 1173 891 1226 cernitur,
934 1171 1028 1218 huic
1061 1183 1195 1218 autem
1231 1174 1307 1218 arti
1329 1171 1447 1217 nulla
1483 1168 1596 1220 facile
1652 1174 1654 1176 ’

148 1242 352 1298 provincia
393 1241 478 1296 dari
521 1249 672 1299 potest,
725 1239 783 1284 ad,
820 1253 939 1298 quam
984 1248 1094 1283 recte
1136 1238 1489 1289 administrandam
1533 1237 1596 1281 illa

146 1310 423 1365 instrumenta¹
451 1308 578 1364 magis
620 1308 701 1360 sint
746 1307 988 1360 necessaria,
1032 1320 1155 1365 quam
1188 1319 1306 1364 opera
1340 1306 1597 1363 tragicorum

147 1375 180 1421 si
215 1375 457 1432 tragicorum
494 1372 717 1431 Euripides.
737 1381 778 1415 et
814 1381 976 1430 propter
1012 1373 1212 1434 ingenium
1247 1380 1288 1414 et
1320 1381 1478 1431 propter
1505 1385 1596 1418 me·—

147 1448 302 1496 trqrum
355 1441 543 1487 rationem
588 1440 802 1485 maximam
845 1439 982 1483 critico
1023 1436 1141 1483 affert
1187 1434 1514 1496 dubitationem¹)
1557 1445 1598 1481 et

147 1505 268 1576 hujus
303 1504 526 1565 tragoedias
559 1505 781 1566 Iphigenia
793 1505 846 1549 in,
870 1505 1243 1557 Aulideconsensu,
1277 1497 1449 1550 omnium
1484 1504 1597 1565 longe

144 1582 311 1629 superat
346 1572 588 1627 difficultate
618 1598 679 1605 -
715 1586 791 1629 qua
829 1572 990 1621 tandem
1030 1574 1196 1627 ingenii
1210 1571 1414 1623 felicitate,
1449 1579 1597 1628 quanta

146 1637 341 1711 doctrinae
373 1638 504 1696 copia,
539 1653 659 1713 quam
695 1635 881 1685 familiari
913 1635 1112 1697 Euripidis
1146 1637 1366 1696 cognitione
1400 1650 1510 1700 opus
1520 1643 1594 1690 est,

147 1713 213 1754 ut·
235 1718 326 1762 quae
369 1705 456 1761 ejus
498 1707 583 1755 sint
621 1707 660 1747 in
705 1705 780 1749 hac
822 1703 957 1748 fabula
1001 1704 1053 1748 ab
1089 1703 1225 1747 alienis
1260 1711 1368 1746 recto
1402 1717 1449 1745 ac
1483 1689 1595 1745 firmo

143 1757 290 1831 judicio
325 1770 513 1830 distingui
550 1774 711 1829 possint.

195 1875 213 1897 ⁵.
236 1837 404 1890 Quibus
439 1838 632 1897 praesidiis
666 1853 789 1897 quum
826 1852 888 1881 me
923 1838 1160 1885 destitutum
1194 1836 1391 1893 viderem,
1428 1838 1595 1880 temeri-

148 1906 242 1948 tatis
293 1906 424 1962 potius
458 1904 722 1964 ‚audaciaeque
767 1904 954 1963 putabam
999 1909 1090 1963 qu'ae
1135 1916 1209 1948 non
1253 1904 1326 1947 nisi
1370 1919 1391 1946 a
1427 1894 1594 1947 summis

149 1970 252 2015 viris,
280 1970 467 2030 expediri
499 1980 661 2028 possent
696 1970 931 2029 periclitari,
966 1979 1121 2020 tantum
1159 1969 1317 2022 aberat,
1353 1977 1398 2012 ut
1422 1968 1592 2027 aliquem

147 2036 238 2080 inde
274 2037 575 2088 fructumhuie
609 2039 816 2095 quaestioni
856 2037 1033 2083 futurum
1069 2049 1285 2093 sperarem.
1336 2034 1415 2079 Sed
1446 2037 1477 2079 si
1503 2037 1594 2092 quis

149 2101 260 2151 hanc·
293 2101 537 2160 tragoediam
582 2102 723 2162 legere.
752 2113 791 2150 et
827 2100 1079 2155 considerare
1115 2102 1347 2157 instituerit,
1395 2115 1469 2145 non
1504 2099 1596 2145 licet

146 2171 185 2214 ei
229 2170 266 2213 iu
311 2178 418 2212 tanta
453 2178 808 2214 commentatorum
844 2165 1107 2222 dissensione,
1151 2169 1220 2227 qui
1252 2162 1465 2225 tragoediae
1498 2182 1597 2227 spe-

148 2238 232 2283 cies
273 2245 314 2279 et
357 2236 457 2279 iuter
501 2251 543 2279 se
586 2245 627 2280 et
661 2251 682 2280 a
720 2237 830 2280 libiis
867 2237 1147 2294 manuscriptis
1187 2233 1478 2279 diversissimas
1513 2250 1594 2278 ex-

147 2291 333 2358 hibeant,
378 2301 552 2350 medium
598 2317 688 2357 esse
731 2313 800 2346 aut
845 2305 964 2349 unius
1005 2302 1174 2360 alicujus
1208 2303 1483 2350 auctoritatem
1520 2316 1595 2344 se·-

148 2383 246 2413 cure
279 2372 411 2427 sequi:
452 2368 670 2416 reclamant
702 2372 804 2413 enim
839 2381 880 2413 et
914 2371 1079 2414 aliorum
1115 2384 1191 2412 non
1226 2367 1356 2414 levior
1381 2369 1597 2413 auctoritas

147 2444 191 2477 et
230 2433 413 2479 codicum
456 2435 634 2492 neglecta
669 2435 778 2480 fides.
846 2439 1022 2480 Necesse
1056 2444 1119 2479 est
1152 2436 1270 2493 igitur
1304 2433 1460 2479 illorum
1493 2447 1594 2477 sen—

151 2570 159 2573 *
238 2582 265 2628 ι)
301 2584 387 2624 Vide
409 2584 538 2622 Herm.
567 2586 705 2625 Hecube
740 2588 855 2625 denuo
889 2599 1022 2628 reeens.
1050 2585 1154 2623 Praet
1179 2596 1212 2633 p.
1241 2585 1337 2632 V1113
1377 2586 1461 2624 item
1486 2585 1593 2625 Pras.

148 2639 220 2686 Iph.
250 2638 329 2679 Au]
357 2640 506 2686 p.V111.
