1730 3063
837 192 896 233 35

145 316 188 350 ut
229 306 413 364 strophas
453 301 652 355 efficeret,
703 302 866 345 chorum
898 314 1002 362 *cum
1044 299 1244 357 Iphigenia
1272 299 1398 343 abire
1431 304 1583 346 statuit.v

141 373 256 425 Quod
291 384 430 423 vereor
466 378 512 410 ut
545 368 732 425 cuiquam
758 366 921 424 „probavi
959 367 1091 423 possit.
1142 367 1282 424 Neque
1304 368 1477 410 omnium
1502 368 1585 410 ad-

144 439 608 482 huezoommentatorum
644 447 884 491 quemquam
912 432 1116 476 dubitasse
1140 435 1312 490 reperio,
1346 436 1441 491 quin
1466 434 1582 492 Iphi-

141 507 251 561 genia
288 509 377 560 post
409 514 447 542 v.
477 498 623 552 ⁴509,
660 499 767 542 finito
800 498 950 541 alterno
986 498 1047 541 illo
1077 508 1197 541 cantu
1232 498 1580 557 (quemadmodum

140 570 184 614 fit
208 573 255 614 iu
290 565 496 624 Sophoclis
527 566 737 621 Antigona)
769 565 1049 612 comitantibus
1073 566 1379 621 Agamemnonis
1402 564 1581 622 famulis,

139 650 242 696 quos
274 650 308 676 v.
339 631 461 675 4463
498 645 546 675 se
566 634 677 690 sequi
708 633 901 689 J‘usserat,
936 631 986 674 de
1009 645 1127 675 scena
1150 631 1376 675 discesserit
1387 658 1402 686 ,·
1432 633 1579 677 chorus

138 712 270 745 autom
317 702 354 742 in
389 698 593 741 orchestra
641 712 847 743 remanens
889 712 1069 753 carmen,
1111 696 1215 756 quod
1250 698 1341 741 inde
1374 703 1578 758 sequitur,

137 767 368 810 cantaverit.
416 764 532 815 Quod
554 767 587 810 si
612 767 674 811 cui
700 765 774 808 hoc
797 778 955 807 carmen
978 764 1140 807 brevius
1166 763 1343 819 videtur,
1376 780 1495 824 quam
1520 775 1575 820 ut,

137 833 232 877 dum
254 839 440 882 canatur,
466 833 593 873 omnin
609 865 618 883 ,
641 846 733 889 quae
755 846 777 872 a
803 831 943 872 nuncio
969 831 1089 872 relata
1114 839 1228 884 sunt,
1251 829 1336 873 fieri
1359 835 1579 889 potuerint,

136 913 180 941 ea
208 913 271 940 res
296 911 371 940 non
396 895 565 940 multum
590 896 710 941 habet
732 894 987 939 difficultatis.
1031 897 1130 939 Nam
1156 905 1200 938 ut
1223 897 1261 937 in
1286 898 1432 940 nostris
1455 897 1579 940 thea-

137 968 211 1007 tris
252 963 427 1007 aulaeum
466 961 683 1007 demissum.
726 963 913 1019 temporis
954 961 1110 1020 aliquod
1155 964 1326 1019 spatium
1373 965 1577 1021 praeterire

136 1029 351 1088 significat,
395 1028 500 1086 quod
536 1037 729 1088 quantum
764 1030 881 1074 fuerit
917 1043 968 1070 ex
1004 1027 1271 1087 sequentibus
1299 1024 1575 1088 intelligimus,

136 1096 271 1141 eodem
310 1093 425 1140 modo
461 1095 512 1138 de
545 1096 652 1140 chori
678 1098 842 1141 canticis
871 1094 1099 1152 judicabant
1122 1095 1250 1139 Graeci
1276 1111 1404 1156 neque
1427 1111 1477 1141 ex
1499 1112 1576 1141 eo-

134 1178 220 1206 rum
254 1161 494 1221 longitudine
528 1162 770 1221 praeterlapsi
805 1163 991 1219 temporis
1014 1164 1184 1220 spatium
1209 1161 1571 1222 demetiebantur¹).

135 1232 275 1289 Neque
320 1244 414 1272 vero
450 1229 693 1284 mirandum,
735 1231 789 1282 si,
833 1226 937 1287 quod
972 1229 1055 1272 fere
1090 1229 1221 1272 facere
1262 1229 1389 1274 solent
1425 1234 1571 1283 nuncii.

134 1311 256 1354 quum
294 1299 345 1350 is,
388 1295 502 1351 cujus
536 1310 655 1340 causa
695 1303 905 1348 venerunt,
942 1309 1018 1337 non
1053 1297 1090 1338 in
1126 1309 1243 1338 scena
1280 1304 1484 1350 versatur,
1530 1306 1573 1340 ut

133 1379 153 1405 a
192 1362 330 1414 choro,
368 1361 434 1405 ubi
471 1363 542 1413 sit,
578 1372 781 1420 quaerant,
819 1362 921 1406 idem
958 1376 1032 1403 non
1058 1362 1237 1404 hocloco
1261 1361 1345 1404 fieri
1371 1361 1574 1406 videmus:

133 1438 219 1474 erat
253 1432 358 1472 enim
394 1428 457 1471 hic
494 1430 678 1480 nuncius,
713 1439 757 1471 ut
791 1429 873 1487 ipse
910 1427 1039 1485 paullo
1074 1429 1169 1470 infra
1202 1437 1393 1480 testatur,
1429 1444 1479 1472 ex
1504 1432 1572 1484 iis,

131 1496 197 1554 qui
233 1496 472 1552 Iphigeniam
516 1494 786 1549 abduxerant,
830 1496 880 1537 ita
921 1503 963 1536 ut
999 1496 1174 1551 reginam
1211 1495 1404 1551 potuisset
1440 1495 1574 1539 videre

133 1564 171 1605 iu
206 1561 366 1605 domum
401 1576 446 1604 se
479 1558 680 1617 abdere²).

233 1630 284 1671 At
328 1628 402 1672 hoc
437 1629 565 1687 ipsu-m
602 1637 736 1670 contra
775 1638 954 1671 naturam
991 1627 1125 1670 fictum
1172 1622 1284 1684 putat
1318 1628 1570 1686 Hortungus,

133 1694 236 1753 quod
271 1694 574 1753 Clytaemnestra
614 1695 650 1736 in
687 1694 845 1737 domum
880 1693 994 1750 abiit,
1031 1708 1103 1736 non
1142 1696 1180 1736 in
1214 1708 1329 1737 scena
1362 1707 1571 1738 remanens

133 1761 256 1811 oculis
293 1764 425 1820 utique
460 1760 578 1804 filiam
617 1760 822 1817 prosecuta
857 1770 937 1803 est:
972 1776 1046 1803 nec
1081 1763 1210 1803 minus
1236 1763 1366 1818 inepte
1389 1775 1478 1803 esse
1502 1764 1570 1803 in-

133 1829 335 1880 stitutum,
369 1827 495 1886 quod,
518 1842 641 1885 quum
665 1842 687 1869 a
712 1830 854 1870 nuncio
871 1837 1036 1870 evocata
1064 1841 1203 1869 rursus
1227 1828 1264 1869 in
1289 1841 1447 1869 scenam
1473 1842 1571 1885 pro—

134 1893 226 1948 diit,
271 1909 319 1937 ne
363 1910 509 1941 novum
556 1894 619 1936 ille
664 1893 809 1936 malum
853 1894 1015 1948 afferat,
1066 1907 1302 1952 magnopere
1343 1908 1388 1936 se
1431 1896 1570 1936 timere

135 1960 250 2014 dicit,
294 1975 417 2019 quum
456 1960 549 2015 nibil
587 1959 752 2014 habeat,
786 1960 888 2018 quod
927 1960 1027 2003 ultra
1064 1962 1203 2002 timere
1240 1962 1381 2018 possit;
1425 1961 1461 2002 in
1496 1974 1570 2002 eo-

133 2041 210 2085 que
244 2029 299 2070 ait
333 2038 511 2085 apertam
534 2025 651 2074 scerni
687 2027 861 2069 Hecubae
897 2028 1169 2080 imitationem,
1212 2039 1303 2084 quae
1336 2025 1571 2069 adveniente

221 2153 248 2198 Ι)
277 2155 362 2198 Cum
392 2161 562 2202 postremo
597 2155 698 2203 hujus
726 2155 849 2192 fabulae
877 2156 1010 2192 cantico
1043 2157 1264 2193 conferantur
1291 2168 1350 2202 ea,
1384 2168 1464 2204 quae
1490 2163 1574 2195 sunt

134 2207 231 2246 Herc.
248 2209 328 2246 Fur.
358 2222 389 2246 v.
406 2213 481 2247 875
498 2223 567 2258 sq.‚
594 2211 713 2257 Suppl.
731 2210 805 2247 365
828 2222 898 2257 sq.‚
926 2222 1071 2257 quorum
1100 2211 1246 2247 alterum
1274 2211 1388 2257 paullo
1417 2213 1572 2258 longius,

133 2264 225 2310 quod
254 2274 321 2300 non
350 2268 496 2312 strophis
522 2266 584 2301 sibi
614 2266 899 2312 respondentibus
925 2264 1160 2312 concluditur,
1188 2266 1352 2312 alterum,
1379 2267 1472 2314 quod
1488 2268 1571 2303 bre-

132 2319 238 2353 vitate
265 2325 421 2365 superat,
456 2319 611 2366 praesidio
639 2331 712 2354 esse
741 2325 862 2365 potest.
918 2320 960 2354 Et
989 2321 1079 2355 inter
1107 2320 1180 2356 baec
1208 2321 1359 2356 carmina
1387 2321 1569 2356 admodum

134 2371 246 2408 brevia
275 2384 346 2418 res,
374 2376 563 2420 quassatis
591 2374 730 2420 longum
758 2378 894 2421 tempus
921 2374 1120 2421 requirunt,
1148 2380 1253 2420 gestae
1281 2387 1354 2411 esse
1382 2376 1568 2422 finguntur.

134 2425 242 2463 Ande.
260 2429 363 2465 1010
376 2440 428 2475 sq.
457 2429 508 2464 uti
537 2428 715 2474 nolumus,
743 2439 851 2474 quum
866 2427 1021 2464 Orestem
1036 2429 1121 2465 caedi
1137 2430 1348 2474 Neoptolemi
1362 2429 1570 2474 interfuisse,

133 2489 202 2514 non
230 2485 382 2516 constet:
411 2487 537 2527 negant
565 2486 689 2529 praeter
716 2481 800 2517 alios
827 2482 1017 2518 Lobeckius
1045 2487 1080 2518 et
1102 2482 1335 2529 Hermannus,
1363 2482 1439 2519 vide
1454 2481 1568 2518 Herm.

131 2532 173 2568 ad
202 2532 307 2571 Andr.
338 2547 368 2572 v.
394 2538 509 2573 1085.

217 2597 246 2641 ²)
280 2600 408 2635 Phoen.
445 2612 476 2636 v.
508 2604 610 2637 1067
654 2600 802 2636 nuncius
844 2601 887 2636 ad
929 2601 1067 2637 domum
1103 2603 1230 2647 regiam
1273 2600 1435 2636 accedens
1470 2601 1569 2636 Ioca-

133 2654 356 2690 stam-exire
396 2654 512 2701 jubet,
554 2665 761 2702 quamquam
799 2655 892 2692 nulla
928 2666 1028 2692 causa
1065 2657 1229 2702 indicata,
1269 2665 1331 2704 cur
1365 2665 1441 2691 eam
1476 2656 1569 2692 intus

133 2715 207 2740 esse
234 2710 353 2751 putet:
