1730 3063
831 153 892 193 22

141 254 292 301 dictum
335 266 417 312 est,
458 257 537 301 duo
582 264 732 299 restant
775 264 1028 313 argumenta,
1071 270 1162 314 quae
1206 257 1305 299 satis
1349 254 1449 299 levia
1487 255 1578 300 mihi

139 323 300 382 quidem
336 322 541 379 videntur,
576 322 644 365 sed
683 322 876 380 negligere
911 331 1072 379 propter
1098 336 1280 380 magnum
1305 323 1479 365 auctoris
1501 337 1580 366 no—

141 404 232 431 men
266 390 438 446 religioni
475 390 605 433 habui.
675 383 945 443 Matthiaeus¹)
979 389 1080 440 enim
1114 390 1155 430 in
1191 390 1405 446 anapaestis
1431 387 1579 431 iambos
1632 432 1642 442 ,

139 455 400 513 sequentibus
443 457 610 514 primum
655 453 928 511 reprehendit,
979 451 1083 512 quod
1128 455 1369 509 Agamemno
1413 468 1503 513 quae
1541 456 1578 496 in

140 520 280 564 litteris
314 531 410 565 sunt
444 524 526 565 seni
563 523 711 580 aperit;
748 518 863 579 idque
899 535 950 562 ex
989 520 1070 577 lpli.
1095 519 1210 562 Taur.
1236 535 1272 562 ν.
1300 520 1392 564 760
1419 536 1475 580 sq.
1500 534 1580 564 ex-

138 599 320 643 pressum
359 590 601 646 suspicatur:
637 601 723 630 nam
745 589 798 629 ·in
837 586 911 628 hac
945 585 1167 644 Iphigenia,
1209 600 1281 629 cur
1318 585 1355 628 id
1393 587 1480 643 fiat,
1509 588 1580 645 ju—

136 660 242 696 stam
277 652 418 696 deesse
452 668 633 697 causam:
667 651 913 710 deprehensa
947 654 1049 694 enim
1083 650 1269 710 epistola,
1311 655 1438 711 ipsum
1473 669 1583 698 nun-

138 721 237 761 tium
271 719 322 762 ab
357 722 495 762 itinere
530 720 754 778 peragendo
790 718 987 776 prohiberi
1018 732 1095 760 nec
1124 712 1344 777 'quidquam
1372 719 1577 776 prodesse,

137 785 241 843 quod
287 787 416 828 animo
464 794 595 829 teneat
639 801 729 845 quae
777 786 920 828 litteris
958 794 1051 827 sunt
1087 785 1282 828 mandata.
1352 784 1580 830 Absurdum

137 853 254 894 etiam
292 852 387 896 illud
418 852 587 909 judicat,
623 852 727 911 quod
762 867 884 894 senex
919 854 1082 909 quaerit,
1118 850 1311 910 quomodo
1346 850 1463 895 fidem
1495 867 1580 896 suae

138 919 301 961 orationi
341 918 447 977 apud
481 919 827 975 Clytaemnestram
872 917 1068 971 conciliet;
1113 926 1293 973 apertum
1331 920 1434 960 enim
1470 932 1580 970 esse,

139 983 282 1027 tradita
330 988 476 1042 reginae
519 983 704 1041 epistola,
765 983 855 1027 nibil
907 982 955 1025 de
1000 982 1076 1026 fide
1118 996 1188 1026 sua
1236 998 1350 1041 posse
1394 984 1580 1040 dubitari,

137 1049 279 1093 Facilis
322 1060 362 1092 et
408 1050 541 1093 brevis
582 1061 644 1092 est
689 1052 901 1106 responsio,
978 1050 1095 1092 Certe
1134 1065 1207 1091 non
1242 1049 1481 1107 probabilior
1517 1059 1580 1093 est

136 1114 350 1172 Iphigeniae
385 1118 534 1175 opinio,
582 1116 664 1159 fieri
703 1131 840 1175 posse,
887 1125 927 1158 ut
964 1115 1134 1174 Pylades
1171 1118 1268 1158 mari
1307 1114 1579 1173 proficiscens,

137 1183 281 1223 amissa
327 1182 514 1239 epistola,
559 1184 686 1238 Argos
716 1184 959 1238 perveniat,
1006 1197 1123 1239 quam
1167 1183 1491 1237 Agamemnonis,
1535 1192 1580 1224 ut

137 1246 310 1290 famulus
354 1262 451 1291 suus
491 1257 594 1291 terra
634 1249 708 1291 iter
744 1248 910 1300 saciens;
963 1248 1000 1291 id
1038 1247 1140 1306 quod
1180 1249 1262 1306 ipse
1298 1255 1466 1290 eventus
1501 1246 1580 1291 do—

135 1323 219 1367 cet,
270 1329 359 1357 nam
404 1315 610 1371 epistolam
649 1315 739 1357 huic
774 1317 891 1371 eripit
921 1313 1127 1370 Menelaus
1171 1329 1245 1357 nec
1279 1323 1411 1356 tamen
1449 1316 1581 1372 impe-

136 1378 217 1434 dit,
259 1382 471 1440 quominus
513 1382 569 1425 ire
613 1390 769 1440 pergat:
820 1390 860 1424 et
907 1381 980 1424 hoc
1025 1380 1243 1439 periculum
1281 1379 1459 1438 epistolae
1494 1383 1581 1424 eri-

135 1446 291 1504 piendae
333 1462 408 1490 non
453 1449 546 1490 item
585 1448 721 1506 Pyladi
763 1457 848 1490 erat
885 1448 1124 1502 timendum,
1167 1455 1299 1489 cetera
1337 1448 1373 1489 in
1411 1455 1579 1505 utroque

137 1514 258 1568 paria.
341 1513 590 1572 Quamquam
628 1514 922 1571 nihil.periculi
977 1514 1281 1570 Agamemnonis
1331 1513 1460 1555 animo
1502 1513 1580 1557 ob-

136 1581 287 1624 versari
338 1581 580 1638 reperimus,
631 1579 701 1622 sed
744 1581 818 1623 alia
868 1580 929 1623 hic
971 1590 1031 1622 est
1076 1595 1217 1632 causa,
1270 1579 1318 1622 de
1359 1595 1436 1637 qua
1484 1579 1578 1622 nihil

134 1645 333 1701 cogitabat
378 1645 601 1703 Iphigenia;
652 1660 740 1688 nam
790 1660 837 1687 eo
880 1644 1085 1703 spectabat
1129 1645 1214 1687 haec
1259 1647 1579 1701 communicatio,

134 1719 180 1755 ut
222 1726 314 1772 quae
358 1714 396 1755 in
437 1712 602 1770 epistola
647 1713 696 1755 de
742 1714 943 1771 repentina
988 1711 1135 1755 consilii
1183 1713 1397 1755 mutatione
1442 1723 1578 1756 essent

135 1779 305 1835 scripta,
339 1793 462 1838 quum
497 1779 710 1836 improvisa
749 1787 789 1821 et
824 1781 1019 1837 inopinata
1057 1778 1374 1836 Clytaemnestrae
1409 1778 1577 1822 dubita-

136 1846 281 1888 tionem
316 1847 659 1904 suspicionemque
695 1860 855 1888 movere
890 1855 1070 1902 possent,
1111 1845 1283 1888 famulus
1318 1859 1362 1887 ea
1401 1860 1577 1902 praesens

135 1909 366 1955 affirmaret.
433 1912 564 1969 Atque
607 1926 656 1954 ex
691 1912 829 1956 eodem
865 1911 982 1969 hujus
1019 1918 1127 1953 metu
1163 1912 1281 1954 etiam
1318 1909 1487 1954 alterum
1524 1910 1578 1953 il-

135 1974 203 2019 lud
248 1992 270 2020 a
306 1977 507 2020 Matthiaeo
553 1978 836 2036 reprehensum
879 1977 1042 2020 fluxisse
1076 1986 1261 2034 apparet;
1311 1991 1438 2035 neque
1473 1979 1576 2020 enim

134 2054 208 2085 sua
243 2042 364 2086 verba
399 2055 528 2101 neque
562 2043 787 2101 epistolam,
822 2058 912 2102 quae
946 2044 1147 2103 supposita
1187 2051 1319 2100 posset
1355 2041 1503 2098 videri,
1539 2045 1577 2086 in

135 2115 218 2150 tam
253 2123 353 2152 nova
390 2123 432 2151 re
468 2117 630 2167 tamque
667 2112 935 2168 inexspectata
972 2110 1070 2151 satis
1111 2123 1130 2150 a
1168 2107 1455 2166 suspicionibus
1491 2118 1575 2153 tuta

135 2172 219 2217 fore
254 2174 431 2233 putabat.
500 2176 640 2234 ltaque
676 2185 805 2219 monet
839 2191 930 2219 eum
967 2177 1208 2234 Agamemno
1241 2174 1292 2218 de
1327 2174 1450 2233 sigillo
1484 2179 1577 2236 epi-

135 2239 248 2285 stolae
282 2241 534 2295 adhaerente,
569 2242 673 2300 quod
710 2244 974 2286 certissimum
1013 2251 1118 2285 esset
1155 2239 1475 2299 testimonium¹).

236 2329 322 2370 Jam
342 2326 593 2383 criminibus,
616 2342 705 2386 quae
726 2330 761 2370 in
782 2328 985 2386 prologum
1007 2328 1123 2384 hujus
1144 2327 1286 2372 fabulae
1303 2329 1442 2372 collata
1463 2338 1577 2386 sunt,

136 2393 337 2447 omnibus,
373 2408 463 2453 quae
497 2394 654 2452 quidem
692 2395 739 2438 ad
780 2396 1116 2453 interpolationem
1150 2396 1407 2439 evincendam
1446 2397 1577 2440 valere

224 2522 250 2566 ι)
279 2524 364 2561 Vide
393 2526 437 2561 l.l.

222 2589 251 2631 ²)
287 2590 356 2625 Hoc
391 2591 488 2634 signo
516 2590 617 2636 Soph.
648 2590 697 2625 El.
726 2602 757 2626 v.
783 2596 884 2628 1222
922 2591 1061 2628 Orestes
1095 2594 1200 2629 sorori
1237 2590 1436 2639 persuadet,
1478 2591 1571 2628 desi-

135 2645 291 2684 dotatum
321 2645 456 2680 fratrem
485 2657 521 2680 se
549 2646 580 2681 ei
608 2646 736 2681 adesse.
