1730 3063
827 134 884 180 ’16

131 255 319 286 aversum
351 255 377 284 a
414 255 509 285 sene
544 250 584 284 et
619 239 881 286 submissiore
919 255 1016 284 voce
1051 240 1182 285 dicere
1196 237 1239 299 ¹)
1307 242 1351 285 In
1387 256 1464 300 qua
1503 257 1583 287 ex-

132 305 303 366 plicandi
341 308 492 350 ratione
528 322 602 351 non
631 321 756 365 pauca
779 316 908 361 sunt,
928 310 1021 375 q'uae
1044 306 1257 351 offendant.
1300 309 1401 351 Nam
1420 309 1581 354 etiamsi

130 387 202 433 per
243 372 374 420 Graeci
419 372 566 417 theatri
609 372 937 417 consuetudinem
992 372 1167 427 licuerit,
1225 388 1277 417 ex
1322 377 1500 432 personis
1545 377 1582 419 in

130 448 248 484 scena
290 438 411 487 simul
457 439 711 485 versantibus
755 452 874 484 unam
920 440 1023 499 loqui
1069 444 1161 499 quae
1193 430 1306 485 alteri
1344 455 1419 485 non
1455 440 1584 487 audiri

132 500 443 564 fingerentur⁸)‚
476 521 617 550 vereor
652 515 806 558 tamen,
851 520 900 549 ne
937 507 1012 549 boc
1046 507 1085 550 in
1121 505 1206 551 loco
1242 521 1316 550 non
1356 507 1471 561 modo
1505 506 1586 552 ab-

130 571 293 623 surdius
335 572 407 616 sed
451 575 573 621 etiam
616 571 825 616 ridiculum
870 572 1070 617 accideret
1104 572 1420 632 spectatoribus,
1459 588 1583 635 quum

130 642 466 696 Agamemnonem
513 639 714 693 viderent,
763 639 959 691 oratione,
1010 654 1130 697 quam
1175 642 1355 683 ministro
1391 639 1584 696 babebat,

131 714 293 764 repente
347 707 591 764 interrupta,
642 705 691 750 ad
747 707 853 765 ipsos
904 719 1141 760 conversum
1186 720 1325 765 magna
1373 722 1470 752 voce
1521 708 1583 766 (ut

131 781 293 831 propter
338 772 481 816 theatri
524 772 826 832 amplitudinem
871 787 1032 816 necesse
1075 774 1185 831 erat)
1235 788 1282 816 ea
1325 773 1582 828 clamantem,

131 852 223 897 quae
260 838 362 881 illius
407 841 444 881 in
481 838 634 898 pulpito
670 838 863 882 adstantis
897 840 1171 899 acerrimeque
1215 840 1457 897 attendentis
1500 855 1581 884 au—

131 920 196 948 res
239 919 315 948 non
350 906 599 963 attingerent
667 905 745 948 Sed
793 905 885 949 licet
929 922 979 949 ex
1026 905 1100 949 hac
1146 916 1258 964 parte
1301 906 1394 949 nihil
1432 907 1584 962 obstet,

131 971 374 1029 Agamemno
417 971 522 1030 quod
568 980 769 1029 spectaret
813 979 887 1015 non
934 974 1020 1015 sine
1064 971 1312 1016 absurditate
1346 981 1583 1017 consecutus

133 1037 350 1079 videretur.
418 1039 521 1080 Nam
566 1052 694 1096 nequo
736 1038 840 1095 quod
890 1039 925 1080 in
962 1022 1093 1080 media
1127 1040 1302 1081 oratione
1346 1052 1515 1082 aversus
1558 1053 1579 1082 a

130 1116 226 1153 sene
261 1117 443 1146 seorsum
481 1102 710 1162 loqueretur
757 1104 861 1147 hunc
896 1103 1032 1163 fugere
1076 1112 1118 1148 et
1152 1106 1376 1163 suspicione
1411 1104 1579 1149 liberum

129 1183 219 1212 esse
257 1178 414 1227 posset,
450 1184 579 1228 neque
613 1170 808 1224 exclusis,
843 1186 943 1229 quos
979 1170 1066 1214 vult
1092 1171 1363 1227 Hermannus,
1397 1170 1581 1214 versibus

132 1235 282 1295 reliqua
318 1238 442 1279 oratio
478 1237 529 1279 ita
567 1244 629 1280 est
664 1236 927 1292 conformata,
981 1246 1024 1281 ut
1060 1239 1209 1297 integra
1247 1252 1336 1282 esse
1370 1246 1411 1281 et
1445 1252 1581 1282 senem

131 1304 323 1361 quamvis.
361 1301 545 1346 hebetem
588 1303 723 1347 fallere
760 1318 876 1361 posse
913 1304 1107 1347 videatur.
1174 1304 1273 1360 Sed,
1307 1303 1414 1364 quod
1449 1307 1584 1348 maxi—

129 1382 238 1412 mum
275 1376 357 1423 est,
401 1383 530 1428 neque
566 1371 818 1414 Hermannus
864 1375 994 1430 neque
1028 1370 1130 1414 alius
1173 1373 1383 1430 quisquam
1419 1385 1581 1415 causam

131 1435 345 1491 indicavit,
379 1451 452 1479 cur
488 1447 578 1491 rex,
612 1438 703 1494 qui,
742 1446 785 1479 ut
821 1439 992 1495 pectoris
1027 1451 1215 1493 angorem
1251 1437 1404 1480 levaret
1440 1446 1481 1480 et
1504 1452 1584 1480 no-‘

133 1515 230 1543 vum
265 1501 471 1545 consilium
509 1500 687 1547 firmaret
722 1512 763 1546 et
797 1506 880 1547 seni
919 1502 1066 1547 doloris
1089 1517 1249 1547 causam
1274 1505 1585 1562 quaerenti‘mo-

219 1631 245 1675 ¹)
274 1632 372 1668 Praef.
402 1644 435 1679 p.
464 1632 543 1668 ΧΠ.
600 1633 700 1669 Hunc
727 1637 867 1670 secutus
896 1637 949 1671 est
976 1633 1039 1670 Ed.
1069 1634 1177 1670 Cant.·
1197 1645 1229 1682 p.
1259 1635 1322 1670 81.

215 1696 244 1738 ²)
272 1697 309 1733 Si
338 1709 376 1733 ea
407 1697 717 1745 praetermittimus,
745 1709 824 1745 quae
851 1698 894 1734 de
922 1698 1130 1734 adveniente
1158 1709 1320 1745 persona,
1349 1701 1389 1733 ut
1409 1697 1489 1734 huic
1511 1708 1581 1734 non

129 1752 333 1797 audiantur,
360 1753 449 1789 dicta
478 1754 687 1799 reperimus,
715 1764 781 1789 nec
808 1753 914 1789 multa
944 1765 1011 1790 nec
1037 1758 1132 1789 certa
1155 1753 1259 1799 hujus
1287 1753 1336 1788 rei
1365 1753 1522 1800 exempla
1545 1753 1580 1789 in

127 1808 369 1854 superstitibus
396 1807 597 1843 Graecorum
627 1808 806 1853 tragoediis
833 1812 969 1843 exstare
997 1812 1170 1854 putamus.
1222 1809 1259 1843 In
1289 1807 1461 1854 plerisque
1488 1808 1580 1843 enim

127 1862 379 1898 sententiarum
407 1861 611 1910 ambiguitas
639 1861 692 1897 vel
722 1862 910 1897 obscuritas
938 1866 1070 1897 certum
1098 1862 1252 1908 probibet
1274 1861 1385 1897 facere
1398 1861 1579 1908 judicium.

129 1916 251 1964 Neque
279 1915 432 1962 perfecto
460 1917 584 1952 mirum
613 1909 722 1962 esset,
750 1917 797 1963 si,
826 1927 905 1963 quae
934 1916 966 1952 in
998 1916 1122 1952 nostris
1149 1916 1309 1961 theatris,
1339 1916 1397 1952 ubi
1419 1920 1454 1952 et
1476 1926 1579 1952 scena

129 1971 237 2006 multo
265 1975 317 2005 est
369 1970 545 2006 rotundior
573 1975 608 2006 et
635 1974 844 2016 spectatores
871 1971 915 2005 ab
943 1982 981 2006 ea
1001 1970 1121 2005 multo
1149 1971 1287 2020 propius
1315 1969 1461 2015 absunt,
1488 1969 1580 2005 baud

129 2035 206 2061 raro
242 1981 424 2066 absai-gius
465 2025 538 2060 fieri
586 2024 767 2070 videntur,
804 2035 849 2059 -ea
885 2023 1087 2060 Graecorum
1124 2023 1339 2061 consuetudo
1380 2023 1582 2070 refugiebat.

129 2079 334 2126 Exemplum
371 2083 487 2114 tamen
524 2079 690 2115 habemus
727 2079 861 2125 insigne
905 2078 986 2114 Hoc.
1025 2081 1247 2124 736—51,
1288 2088 1497 2125 quamquam
1535 2078 1580 2114 ibi

130 2133 240 2169 multo
267 2143 366 2168 secus
394 2138 445 2169 est
473 2138 577 2179 atque
607 2133 669 2168 boc
700 2132 782 2168 loco.
825 2133 927 2181 Certe
955 2132 1033 2168 talis
1061 2132 1338 2178 interruptionis,
1366 2130 1504 2178 qualem
1526 2131 1582 2168 bic

127 2188 275 2234 sumpsit
310 2186 546 2232 Hermannus,
583 2186 716 2228 nullum
753 2186 850 2222 facile
884 2187 1039 2233 invenias
1074 2185 1280 2233 exemplum.
1337 2186 1426 2222 Nam
1455 2189 1582 2222 nostrae

130 2240 255 2278 fabulae
290 2253 322 2275 v.
343 2242 462 2287 ¹963,
489 2242 521 2277 in
552 2252 621 2289 quo
658 2239 823 2276 articulus
858 2241 987 2276 nomini
1023 2240 1282 2287 clytemnestrae
1317 2235 1481 2286 praefixus
1508 2240 1581 2275 dis-

129 2296 249 2343 plicuit
285 2300 319 2331 et
353 2306 371 2330 a
402 2294 571 2342 plerisque
607 2295 795 2331 editoribus
831 2294 1017 2332 Hermanni
1042 2295 1253 2331 'auctoritate
1290 2295 1324 2329 in
1360 2299 1392 2333 ετ
1425 2297 1581 2330 mutatus

127 2355 199 2396 est,
239 2350 394 2386 codicum
426 2351 649 2397 scriptionem
679 2360 760 2386 non
776 2359 855 2385 cum
883 2349 946 2385 Ed.
975 2349 1074 2386 Cant.
1101 2350 1150 2386 sic
1177 2349 1430 2393 defendendam
1457 2359 1582 2385 cense-

131 2416 225 2450 mus,
262 2409 302 2440 ut
330 2405 422 2441 hunc
457 2410 492 2440 et
520 2406 674 2464 proxime
701 2396 884 2452 sequentes
912 2415 1031 2441 versus
1057 2415 1211 2442 seorsum
1247 2408 1283 2439 et
1316 2404 1504 2450 submisse,
1539 2407 1580 2439 ut

129 2470 149 2495 a
178 2459 437 2506 Clytaemnestra
468 2470 537 2495 non
560 2456 836 2506 perciperentur,
864 2457 1108 2505 pronunciatos
1128 2459 1232 2494 fuisse
1246 2462 1461 2503 statuamus;
1492 2467 1581 2493 con-

129 2519 334 2550 sentaneum
364 2515 454 2552 enim
484 2518 554 2560 est,
585 2514 750 2550 Achillem
780 2514 843 2549 hoc
870 2513 943 2549 loco
970 2524 1103 2549 summa
1134 2513 1182 2549 ira
1211 2514 1390 2549 incensum
1419 2522 1485 2547 nec
1513 2511 1579 2547 nisi

130 2568 265 2614 injuriae
299 2568 364 2604 sibi
395 2567 497 2603 illatae
525 2579 711 2604 memorem
740 2568 881 2614 perinde
909 2567 1019 2614 loqui,
1055 2568 1151 2614 quasi
1187 2577 1256 2603 non
1285 2567 1419 2603 adesset
1448 2566 1580 2612 Clytae-

131 2623 399 2658 mnestra.1ta
429 2622 511 2658 fleo.
540 2634 572 2657 v.
589 2623 667 2658 674
698 2622 822 2658 famula
851 2621 894 2657 de
922 2620 1061 2657 Hecuba
1090 2624 1265 2668 tamquam
1294 2620 1437 2659 absente
1465 2618 1581 2667 loqui-

131 2681 206 2722 tur,
235 2687 300 2712 nec
327 2681 442 2713 tamen
472 2680 512 2712 ut
542 2676 641 2712 verba
671 2677 823 2723 reginam
853 2675 994 2722 fugiant.
