1730 3063
820 124 879 169 39

124 239 164 283 in
199 246 305 284 tanta
342 236 564 282 fabularum
602 235 871 292 multitudine,
907 245 967 280 utr
986 251 1061 279 uon
1088 236 1205 283 modo
1228 236 1465 291 locutiones,
1498 238 1570 284 sed

123 319 268 353 versus
300 317 466 363 prorsus
499 302 648 347 similes
680 301 802 365 semel
826 318 874 348 ac
895 305 1045 361 saepius
1070 306 1313 361 reperiantur
1325 300 1366 363 ¹).
1436 306 1567 358 Quare

125 385 176 418 ex
210 371 312 427 hoc,
340 378 384 414 ut
407 368 512 428 quod
547 384 757 418 commune
791 371 843 414 sit
878 372 1052 420 omnium
1087 370 1285 430 Euripidis
1319 371 1565 428 fabularum,

123 439 229 485 nibil.
260 437 365 482 effici
410 445 551 493 potest.
620 440 674 481 At
718 438 825 480 baud
868 439 920 480 ita
963 451 1105 493 magne
1146 448 1210 479 est
1252 438 1316 481 illa
1343 439 1568 484 verborum

123 498 377 561 similitudo⁸)
420 516 494 548 nec
536 504 662 563 magis
708 505 870 561 insignis
910 517 1031 564 quam
1073 502 1161 549 aliis
1195 504 1465 563 compluribus
1500 505 1566 552 lo—

122 574 193 618 cis.
262 573 363 615 Nam
398 571 477 615 duo
513 580 682 619 tantum
705 586 847 616 versus
879 579 994 624 sunt,
1037 585 1138 629 quos
1172 585 1263 614 cum
1299 572 1428 630 eliqua
1466 589 1573 631 pro-

119 636 336 684 habilitatis
370 638 502 696 specie
532 651 586 682 ex
619 636 783 685 Hecuba
818 639 945 697 possis
981 636 1185 684 traductos
1206 635 1440 697 judicare³).
1487 641 1567 694 Qui

120 706 178 751 si
199 704 327 748 locum
372 719 489 747 suum
533 713 670 749 tenere
712 713 934 762 noqueunt,-
981 718 1144 778 aequum
1186 713 1271 758 est,
1323 707 1427 763 quod
1470 708 1565 750 fecit

118 769 395 824 Marklandus,
440 769 512 814 hos
543 772 705 828 ejicere,
749 784 824 814 nou
871 772 908 812 in
945 770 1049 814 idem
1083 772 1233 816 crimen
1269 779 1395 814 totum
1430 773 1563 831 epilo-

117 851 211 894 gum
250 851 403 880 vocare.

181 920 316 972 Quare
350 935 475 980 quum
510 920 561 965 ab
596 921 671 965 bac
705 929 817 979 parte
852 930 937 964 tnta
976 920 1182 963 videamus
1211 922 1361 971 omnia,
1397 919 1449 964 ad
1471 924 1543 965 sin·

117 988 229 1048 gula,
273 1003 366 1048 quae
399 990 554 1047 ineptiis
591 988 770 1033 laborare
804 987 1001 1041 dicuntur,
1041 987 1306 1045 percensenda
1339 986 1560 1035 redeamus,

117 1058 278 1112 Incepta
316 1064 360 1098 ut
383 1055 557 1098 diximus
580 1057 755 1098 oratione
786 1056 953 1098 nuncius
978 1056 1015 1095 in
1040 1054 1145 1097 huno
1169 1055 1252 1097 sere
1278 1053 1436 1100 modum
1460 1068 1533 1114 per

115 1124 192 1179 git:
227 1131 351 1180 quum
389 1123 473 1179 ipse
508 1123 711 1179 ceterique
746 1120 879 1164 famuli
919 1122 1112 1177 virginem
1146 1120 1338 1163 ducentes
1361 1123 1399 1164 in
1426 1121 1559 1164 lucum

116 1189 253 1231 Dianae
289 1189 512 1242 venissent,
545 1194 681 1230 statim
716 1187 958 1230 confluxisse
991 1186 1221 1230 Graecorum
1246 1188 1558 1240 multitudinem,

115 1365 187 1397 tem
215 1360 319 1397 libere
346 1360 562 1398 subeundam
589 1372 628 1397 se
655 1363 797 1407 parant,
825 1360 978 1397 intimam
1001 1372 1118 1397 earum
1134 1361 1423 1401 necessitudinem
1437 1367 1559 1399 osten-

113 1414 175 1451 dit.
230 1415 268 1450 In
312 1411 383 1462 q'uo
416 1427 542 1462 genere
576 1416 604 1452 si
640 1415 682 1452 ad
717 1412 907 1451 satietatem
944 1426 1053 1463 usque
1080 1416 1143 1452 sibi
1171 1417 1298 1462 placuit
1326 1427 1439 1464 neque
1467 1417 1560 1453 haud

113 1481 193 1506 raro
219 1469 392 1505 molestior
419 1470 529 1506 factus
556 1475 627 1516 est,
654 1475 689 1506 at
717 1469 800 1505 illud
829 1474 922 1505 certe
950 1471 1102 1506 effecisse
1130 1470 1277 1517 videtur,
1305 1481 1349 1505 ex
1369 1470 1440 1507 sola
1463 1473 1560 1518 ejus-

113 1524 206 1560 modi
232 1524 456 1560 similitudine
484 1525 568 1560 nihil
595 1535 805 1571 quemquam
831 1535 904 1560 me
932 1526 1176 1570 proiecturum.

203 1587 245 1633 ί)
264 1589 319 1624 Ex
356 1589 598 1634 superstitibus
632 1588 809 1633 Euripidis
839 1588 963 1624 subulis
997 1589 1070 1625 baec
1105 1590 1259 1635 exempla
1295 1590 1377 1624 satis
1410 1590 1556 1626 faciant:

114 1642 189 1681 Alc.
226 1654 258 1680 v.
289 1645 366 1679 207
396 1649 432 1679 et
458 1646 486 1679 8
521 1643 624 1680 iidem
658 1647 741 1679 sunt
776 1653 816 1677 ac
850 1642 930 1678 Hec-
959 1645 1145 1679 411—12
1183 1645 1329 1689 (priores
1363 1645 1559 1691 suppositos

112 1709 183 1735 non
210 1700 294 1734 satis
322 1697 444 1734 idonea
472 1709 574 1734 causa
600 1697 776 1744 judicant3
810 1696 883 1733 Alc.
901 1700 975 1733 195
1006 1708 1045 1733 ac
1076 1701 1173 1742 3123
1202 1697 1274 1733 Alc.
1298 1701 1456 1734 295—6
1486 1700 1557 1734 sere

110 1751 214 1787 iidem
236 1753 295 1800 qui
319 1754 499 1797 651—23
526 1751 584 1787 Or.
604 1754 762 1787 535—6
776 1766 832 1783 =
848 1754 1028 1795 625—6;
1056 1752 1127 1797 lpb.
1143 1751 1220 1787 Aul.
1235 1753 1312 1787 986
1328 1767 1383 1785 =
1397 1753 1556 1798 E1.672;

110 1806 210 1854 Ripp.
234 1808 383 1843 898=
401 1807 516 1844 1040.
547 1805 629 1843 Vide
656 1806 720 1842 alia
749 1806 905 1853 exempla
935 1805 1092 1842 Firnbab.
1120 1817 1152 1852 p.
1169 1808 1245 1843 247
1274 1809 1309 1843 et
1336 1814 1369 1854 p.
1386 1810 1554 1844 290—1.

197 1867 233 1912 ο)
263 1870 459 1916 Hartungus
486 1871 625 1917 quidem
653 1872 737 1905 satis
765 1881 927 1916 magnum
956 1881 1091 1904 versum
1108 1882 1288 1905 numerum
1303 1872 1448 1917 collegit,
1469 1882 1555 1918 quos

113 1935 159 1961 ex
185 1923 336 1961 Hecubae
364 1925 511 1961 maxime
539 1930 573 1961 et
601 1925 703 1972 hujus
731 1924 856 1976 fabulae
883 1924 1035 1960 versibus
1063 1926 1232 1961 confectos
1259 1937 1331 1961 esse
1353 1926 1444 1961 dicit.
1486 1926 1556 1963 Sed

110 1979 231 2015 horum
261 1980 296 2014 in
321 1980 470 2014 maxima
499 1984 595 2025 parte
623 1981 726 2014 unius
754 1984 889 2014 tantum
906 1979 958 2014 vel
974 1980 1120 2014 duorum
1138 1980 1317 2016 verborum
1333 1980 1559 2015 similitudine

111 2032 313 2081 conjiciendi
341 2033 518 2070 occasione
539 2043 624 2070 usus
644 2037 705 2070 est.
741 2032 850 2082 ldqw
875 2043 982 2082 quum
1012 2033 1082 2082 ipse
1110 2033 1295 2080 prudenter
1323 2035 1495 2074 monuerit
1522 2046 1559 2082 p.

112 2090 211 2124 198:
241 2087 445 2134 ”Euripides
471 2089 554 2135 geht
581 2089 744 2134 nirgends
771 2101 834 2124 aus
860 2089 921 2124 auf
946 2099 1036 2125 neue
1063 2089 1297 2133 Erfindungen
1326 2089 1362 2123 in
1390 2088 1556 2128 Bezeich-

111 2152 254 2188 nungen
296 2143 360 2177 der
398 2142 686 2189 Gegenstanden:
728 2153 766 2178 er
805 2146 917 2178 neunt
950 2141 1006 2177 die
1039 2141 1232 2177 numlichen
1269 2141 1405 2190 Dingen
1435 2143 1556 2181 immer

110 2198 238 2233 wieder
265 2198 328 2233 mit
356 2196 423 2232 den
460 2198 652 2234 namlicben
687 2199 818 2246 Namen
856 2209 890 2233 u.
919 2197 1147 2242 Beiwortern,
1182 2197 1367 2243 dergestalt
1395 2200 1472 2237 dass
1499 2200 1553 2235 ein

112 2251 265 2287 Kritiker
299 2251 358 2286 fiir
385 2257 545 2297 corrupte
572 2252 702 2287 Stellen
732 2254 854 2287 immer
881 2263 935 2287 am
963 2252 1148 2286 sichersten
1179 2251 1235 2286 die
1263 2252 1412 2299 Heilung
1440 2254 1554 2288 finden

112 2305 221 2351 wird,
260 2315 364 2341 wenn
400 2316 441 2341 er
468 2306 596 2342 andere
629 2305 778 2353 stenen,
815 2306 848 2341 in
885 2306 996 2342 denen
1026 2316 1092 2341 von
1122 2305 1307 2342 denselben
1338 2307 1473 2354 Dingen
1500 2308 1554 2343 die

112 2360 206 2397 Rede
235 2361 297 2405 ist,
333 2359 516 2396 beizieht.”
572 2360 612 2395 V.
644 2363 741 2407 500,
780 2372 903 2407 quem,
938 2359 1030 2406 quod
1059 2360 1148 2396 idem
1178 2361 1306 2396 diceret
1334 2373 1374 2397 ac
1402 2374 1433 2397 v.
1463 2363 1554 2407 479,

112 2420 213 2451 antea
247 2413 554 2461 condemnaverat,
595 2415 630 2451 in
666 2416 808 2462 gratiam
844 2415 1045 2461 recipiens,‘
1065 2415 1146 2452 dicit
1180 2426 1211 2462 p.
1241 2419 1340 2452 213:
1382 2414 1483 2451 ”Dies
1513 2417 1555 2452 ist

106 2470 190 2505 aber
217 2470 298 2505 eher
325 2470 401 2505 eine
428 2469 688 2515 Beglaubigung
714 2470 827 2506 seiner
853 2469 1031 2505 Aechtheit
1057 2470 1107 2505 als
1134 2471 1190 2505 ein
1219 2469 1341 2505 Grund
1370 2481 1411 2505 zu
1440 2471 1555 2507 seiner

107 2522 411 2571 Verurtbeilungl’

107 2641 170 2679 m
194 2585 229 2632 ⁸)
271 2589 341 2626 Hoc
384 2588 522 2626 nomine
563 2600 596 2623 v.
636 2591 847 2626 1559—60
875 2590 1041 2626 damnant
1069 2589 1282 2633 maniacus,
1323 2587 1554 2636 flammantius,

195 2643 299 2681 Cant.
