1730 3063
817 139 877 180 27

130 251 268 295 vertit:
308 245 549 299 absurdum,
591 243 694 302 quod
734 247 770 287 in
807 246 928 287 tantis
964 245 1154 302 temporis
1188 245 1405 301 angustiis,
1451 254 1570 302 post-

133 331 251 375 quam
289 314 442 358 litteras
479 313 747 354 transmittere
781 313 1006 365 constituit,
1039 319 1119 352 tam
1159 305 1234 352 late
1267 325 1314 352 ac
1349 311 1494 354 diffuse
1520 311 1570 351 de

129 382 287 426 diversa
338 377 525 421 nobilium
569 385 609 419 et
651 377 877 434 ignobilium
922 377 1142 420 conditione
1186 376 1383 433 disputat:
1430 378 1572 419 mirum

129 448 299 505 denique
332 458 379 486 ac
414 457 527 500 paene
561 442 778 497 ludicrum,
811 442 918 501 quod
941 442 990 485 ad
1015 443 1120 484 senis
1147 443 1265 484 verba
1292 458 1329 484 v.
1356 444 1570 493 28—48,

131 528 241 573 quae,
283 519 330 554 ut
371 523 496 552 novas
538 523 779 567 magnasque
817 523 879 551 res
915 518 1214 566 exspectemus,
1250 508 1414 564 faciunt,
1457 510 1572 565 Aga-

129 592 284 623 memno
332 591 399 629 ea,
450 590 540 633 quae
585 575 817 625 Hartungus
873 577 1057 627 inseruit,
1109 574 1320 633 respondet
1409 575 1574 620 Accedit

127 644 231 705 quod
275 650 410 687 contra
458 657 604 685 morem
652 642 870 700 EuripidiS‚
917 641 1062 701 prologi
1104 642 1244 685 iambis
1285 643 1573 700 pronunciatis,

127 715 370 767 Agamemno
419 710 455 751 in
504 710 785 765 auapaesticum
836 723 1042 751 numerum
1086 710 1238 752 transit.
1308 711 1454 752 Levius
1499 709 1572 750 hoc

126 775 308 835 quidem,
353 773 422 817 sed
467 773 571 833 quod
608 775 653 817 iis
690 789 762 815 non
802 775 998 817 mediocre
1036 774 1188 831 pondus
1225 773 1372 817 babere
1408 775 1574 828 debeat,

128 843 214 901 qui,
259 850 335 885 »ut
366 842 500 898 justus
537 839 719 897 prologus
756 841 931 898 Euripidi
967 843 1294 895 restitueretur»,
1329 840 1367 883 id
1403 852 1484 895 est,
1529 848 1573 881 ut

129 923 177 952 ne
220 922 241 951 a
285 916 508 950 ceterarum
553 907 637 963 ejus
681 905 902 949 fabularum
948 906 1071 949 forma
1117 907 1153 947 in
1200 905 1273 948 hac
1308 908 1571 961 recederetur,

127 983 278 1017 tantam
314 975 560 1016 eversionem
596 973 725 1015 facere
762 988 834 1014 non
872 972 1187 1015 reformidarunt.

225 1038 303 1084 Sed
341 1040 424 1097 ipse
460 1037 522 1081 bic
559 1038 741 1095 prologus
776 1038 906 1095 qualis
941 1040 990 1081 sit
1024 1052 1181 1096 quoque
1217 1048 1330 1096 pacto
1354 1040 1392 1080 in
1417 1047 1571 1081 ceteros

127 1106 327 1163 Euripidis
379 1104 569 1163 quadret,
625 1104 836 1147 videndum
893 1115 966 1147 est.
1047 1106 1188 1146 Vereor
1241 1107 1365 1156 enim,
1416 1107 1569 1148 etiamsi

128 1186 198 1230 per
231 1180 454 1228 anapaestos
490 1170 663 1223 daretur,
700 1184 747 1211 ne
783 1169 846 1212 ille
878 1184 997 1228 quem
1034 1169 1107 1212 sibi
1144 1180 1300 1226 arroget
1332 1170 1458 1213 locum
1493 1185 1567 1213 non

126 1239 247 1295 possit
290 1238 406 1279 tueri.
482 1238 583 1279 Nam
635 1236 898 1278 alienissimus
949 1246 1010 1278 est
1053 1251 1074 1278 a
1122 1237 1463 1279 vehementissimo
1507 1237 1570 1279 illo

125 1305 242 1346 animi
280 1311 409 1354 motu,
454 1315 572 1360 quem
608 1304 645 1344 in
682 1302 971 1357 Agamemnone
1005 1312 1044 1343 et
1080 1315 1142 1343 res
1178 1316 1262 1343 suae
1298 1301 1497 1359 postulant
1531 1314 1571 1346 et

125 1383 248 1412 senex
285 1370 484 1427 praeterita
523 1369 837 1412 noctelintuitus
872 1377 934 1410 est
969 1377 1011 1409 et
1046 1382 1117 1410 nos
1154 1383 1222 1425 per
1259 1378 1380 1411 totam
1405 1378 1569 1424 tragoe-

125 1434 230 1479 diam
275 1449 434 1477 manere
480 1432 670 1476 videmus.
750 1435 851 1476 Dicit
894 1433 1055 1492 quidem
1100 1435 1349 1489 Hartungus,
1393 1435 1426 1476 si
1470 1434 1571 1478 hanc

124 1502 285 1545 actionis
328 1499 543 1557 tragoediae
583 1508 739 1557 >partem
785 1513 873 1542 esse
918 1500 1104 1551 velimus,
1156 1502 1490 1555 Agamemnonem
1531 1504 1568 1544 in

125 1566 201 1610 hac
249 1567 422 1609 oratione
465 1566 706 1622 superiorem
753 1564 1040 1607 dubitationem
1084 1564 1280 1622 deponere
1320 1576 1361 1607 et
1411 1566 1567 1609 firmum

124 1631 328 1676 consilium
372 1645 516 1690 capere
560 1629 777 1688 putandum
823 1644 930 1683 esse3
969 1629 1040 1673 sed
1085 1645 1157 1674 nec
1192 1630 1460 1688 trepidationis
1496 1647 1568 1676 nec

125 1700 316 1742 transitus
361 1700 523 1756 vestigia
569 1698 733 1753 contigit
768 1696 883 1752 mibi,
926 1705 971 1740 ut
1008 1696 1357 1755 deprehenderem.
1429 1699 1566 1741 Restat

126 1767 246 1822 igitur
287 1767 492 1809 excusatio
534 1778 585 1807 ex
629 1766 825 1806 communi
870 1761 1170 1821 Euripideorum
1207 1763 1451 1821 prologorum
1487 1780 1568 1807 na·—

126 1839 215 1874 tura
251 1833 393 1890 petita,
418 1845 528 1889 vquos
563 1838 673 1872 extra
711 1832 857 1887 positos
891 1829 940 1873 ad
978 1831 1100 1888 ipsam
1128 1830 1348 1874 fabularum
1374 1833 1566 1875 actionem

125 1897 320 1954 pertinere
357 1907 484 1955 negat.
552 1897 683 1954 Atque
729 1896 801 1938 hoc
842 1896 1023 1954 quidem,
1069 1905 1112 1938 ut
1148 1905 1238 1939 ante
1273 1896 1462 1950 diximus,
1512 1914 1563 1940 ex

123 1973 238 2021 parte
274 1977 413 2006 verum
449 1972 520 2005 est.
577 1961 653 2004 Sed
693 1976 766 2004 non
802 1961 998 2005 abutenda
1035 1971 1096 2003 est
1133 1961 1192 2004 illa
1232 1962 1478 2020 prologorum
1511 1963 1569 2007 li-

123 2030 272 2084 centia,
315 2039 360 2073 ut
407 2029 499 2071 nibil
546 2032 584 2071 in
631 2029 676 2078 iis
719 2027 973 2070 observatum
1016 2038 1137 2085 atque
1177 2037 1399 2086 spectatum
1444 2040 1568 2085 pute—-

125 2109 234 2149 mus,
270 2097 342 2138 nisi
380 2104 424 2138 ut
460 2109 550 2154 quae
584 2096 686 2136 scire
721 2103 988 2151 spectatorum
1025 2095 1232 2136 interesset
1256 2093 1566 2151 explicarentur.

124 2162 224 2203 Nam
259 2164 292 2205 si
328 2162 379 2204 ita
417 2170 542 2214 esset,
577 2174 650 2203 cur
688 2168 799 2217 poeta
834 2159 930 2201 alios
965 2159 1141 2217 prologos
1176 2160 1261 2203 aliis
1287 2163 1464 2216 personis
1488 2163 1566 2205 de*—

125 2225 232 2281 tulit,
267 2243 341 2271 non
377 2236 447 2271 aut
484 2229 568 2284 ipse
602 2235 671 2268 aut
707 2239 776 2283 per
802 2226 927 2268 alium
963 2226 1176 2283 quemlibet
1212 2228 1272 2283 (ut
1308 2241 1412 2269 nunc
1435 2230 1566 2270 inter-

122 2291 218 2335 dum
265 2293 350 2337 fieri
395 2293 591 2350 videmus)
636 2291 707 2334 hoc
745 2291 929 2334 recitandi
968 2294 1165 2348 negotium
1201 2294 1382 2351 peregit?
1449 2292 1562 2345 Quod

122 2371 246 2415 quum
289 2374 364 2403 non
408 2359 546 2403 fecerit
581 2358 650 2402 sed
688 2372 823 2401 eorum
858 2356 989 2416 aliquo
1023 2357 1072 2400 ad
1110 2359 1208 2402 hanc
1246 2374 1326 2402 rem
1361 2374 1456 2402 usus
1489 2361 1564 2413 sit,

122 2425 190 2480 qui
231 2426 287 2468 rei
322 2426 486 2484 agendae
528 2439 606 2468 uno
647 2423 824 2466 alterove
868 2423 983 2467 modo
1025 2434 1158 2466 essent
1205 2427 1429 2483 participes,
1470 2440 1565 2483 quae

125 2488 351 2535 dicerentur
387 2491 435 2536 ad
473 2506 586 2544 eum,
623 2492 690 2549 qui
731 2489 899 2544 diceret,
935 2492 986 2533 ita
1013 2491 1301 2534 accomodanda
1341 2499 1472 2543 erant,
1517 2501 1563 2534 ut

124 2568 198 2597 non
249 2573 269 2601 a
317 2560 400 2601 suis
443 2557 618 2601 moribus
664 2556 912 2600 abhorrentia
948 2556 1051 2618 loqui
1088 2557 1307 2609 videretur;
1354 2556 1478 2615 idque
1513 2573 1560 2602 eo

126 2624 250 2678 magis
286 2626 550 2668 necessarium
588 2624 684 2679 fuit,
719 2623 784 2666 ubi
823 2626 876 2677 is,
908 2625 975 2682 qui
1003 2623 1201 2681 prologum
1226 2632 1385 2680 ageret,
1421 2626 1457 2667 in
1484 2641 1561 2683 po-
