1730 3063
816 179 874 222 37

118 296 225 340 adire
254 304 295 339 et
313 296 529 338 'universae
554 288 721 333 Graeciae
748 289 875 332 solum
906 303 950 331 se
982 289 1150 345 objicere
1170 297 1350 346 paratum
1369 288 1555 337 vidisset:

120 372 204 407 tum
224 369 380 417 ‘magna
413 351 553 400 'subito
587 357 624 398 in
660 357 807 412 virgine
841 355 942 398 sacta
977 364 1064 397 erat
1098 350 1314 411 mutatio¹>=
1381 354 1481 396 Nam
1517 363 1557 396 et

120 427 393 472 vera-dixisse
429 431 582 481 patrem
622 422 872 464 manifestum
906 431 991 463 erat
1013 428 1054 463 et
1079 435 1183 463 mors
1207 420 1345 464 Achilli
1369 423 1556 463 immine-

118 493 186 538 bat
218 501 270 534 'et
304 491 486 545 generosi
520 487 781 530 adolescentis
816 487 1064 545 exemplum,
1098 486 1188 544 quid
1226 497 1331 528 esset
1366 485 1457 529 nibil
1498 489 1556 528 ti·-

119 566 287 602 mentem
333 555 493 598 honesta
540 553 774 607 defendere,
819 554 1047 611 propulsare
1091 552 1267 609 indigna,
1312 552 1557 595 ostendebat.

119 621 204 667 lam
240 624 371 676 igitur,
405 620 500 679 quid
537 622 599 662 sui
630 628 737 662 esset
772 619 907 673 officii,
942 621 1181 675 perspiciens
1217 633 1290 660 non
1329 620 1442 660 modo
1477 633 1557 675 pa-

120 691 193 732 tris
232 687 477 730 voluntatem
508 687 655 743 justam
691 700 779 728 esse
814 694 853 728 et
889 686 983 728 Deae
1019 686 1166 728 numini
1206 684 1422 741 parendum
1457 698 1556 727 con-

120 755 221 797 fessa
260 762 367 807 erat,
414 768 552 795 verum
587 754 707 795 etiam
742 752 895 794 felicem
930 767 973 793 se
1011 752 1315 808 praedicaverat,
1342 755 1419 801 ,cui
1454 765 1557 794 con—-

120 823 308 878 tingeret,
344 828 387 862 ut
421 834 492 878 pro
529 820 665 877 patriae
699 818 819 876 gloria
857 833 902 860 ac
938 818 1116 861 libertate
1149 818 1197 860 ad
1233 828 1397 860 mortem
1424 834 1466 860 se
1491 817 1556 860 of·-

118 886 246 929 ferens
281 895 472 930 aeternam
508 885 661 928 laudem
699 893 1026 943 consequeretur;
1061 899 1133 926 nec
1167 893 1281 926 antea
1317 887 1440 940 magis
1465 885 1557 925 vitae

119 952 249 995 fuerat
283 947 440 1005 amans,
474 967 592 1011 quam
628 960 775 1010 quanto
811 951 900 993 inde
936 951 1066 994 studio
1099 959 1264 993 mortem
1300 953 1557 1009 expetiverat.

120 1021 259 1077 Itaque
304 1033 376 1060 nec
420 1020 555 1060 matris
600 1018 782 1075 precibus
824 1027 994 1060 cesserat
1041 1031 1167 1075 neque
1202 1016 1252 1059 ab
1285 1017 1435 1060 Achille
1470 1016 1560 1058 hinc

119 1086 254 1127 mortis
298 1093 469 1127 terrores
521 1083 622 1126 illinc
674 1084 863 1127 illustrem
908 1085 967 1126 sui
1014 1084 1177 1139 conjugii
1223 1091 1368 1126 sortem
1414 1086 1555 1125 osten—

119 1159 227 1193 tante
279 1159 459 1209 potuerat
502 1152 698 1202 revocari;
751 1151 854 1193 omni
901 1151 993 1192 vitae
1035 1163 1105 1206 spe
1150 1149 1371 1207 repuditata
1419 1149 1556 1192 laetans

120 1230 323 1277 ovansque
374 1217 421 1260 ad
476 1216 711 1260 sacrificium
760 1216 921 1260 abierat.
1008 1216 1228 1273 Hucusque
1276 1217 1391 1273 igitur
1444 1218 1556 1259 fortis

120 1286 352 1326 constiterat
386 1286 559 1326 animus:
592 1283 681 1325 nihil
720 1285 1013 1337 inconstantiae,
1046 1282 1137 1323 nihil
1162 1284 1331 1332 timoris,
1368 1283 1461 1325 nihil
1490 1286 1555 1324 in-

119 1348 327 1393 firmitatis.
385 1354 437 1393 At
473 1350 645 1393 nondum
682 1351 754 1392 nisi
790 1349 924 1392 verbis
960 1349 1089 1391 fuerat
1123 1357 1294 1402 tentata;
1328 1350 1430 1407 quod
1458 1365 1557 1405 gra-

121 1417 327 1459 vissimum
371 1418 669 1474 maximumque
707 1423 793 1457 erat
829 1415 1020 1467 restabat,
1065 1424 1109 1456 ut
1150 1414 1198 1456 ad
1241 1414 1356 1457 finem
1402 1418 1436 1457 in
1482 1429 1557 1457 ea—

120 1482 209 1524 dem
246 1484 464 1525 constantia
501 1491 796 1540 perseveraret,
844 1491 887 1523 ut
921 1490 1121 1524 extremas
1158 1484 1294 1523 mortis
1330 1484 1454 1524 minas
1490 1485 1557 1524 ni-

121 1547 171 1591 bil
218 1548 507 1603 reformidaret,
554 1555 599 1590 ut
642 1547 748 1591 diros
790 1547 971 1590 sacrificii
1013 1556 1228 1604 apparatus
1272 1550 1390 1591 rectis
1434 1549 1558 1591 oculis

121 1615 352 1668 intueretur,
389 1614 655 1673 denique—ut,
686 1616 792 1657 omni
826 1614 1007 1673 bumanae
1044 1623 1194 1656 naturae
1228 1613 1454 1658 infirmitate
1478 1615 1556 1657 de-

209 1760 241 1804 ¹)
275 1762 345 1797 Hoc
379 1764 513 1796 constat
552 1761 595 1796 ab
637 1759 817 1796 Aristotele
851 1761 1092 1807 reprehensum
1135 1773 1208 1796 esse
1250 1763 1341 1797 Poet.
1377 1773 1450 1807 cap.
1479 1762 1556 1806 XV,

121 1817 180 1852 ubi
215 1816 258 1851 de
293 1816 332 1850 iis
366 1815 554 1860 disserens,
589 1826 668 1860 quae
697 1816 731 1849 in
761 1815 911 1851 moribus
939 1816 1169 1851 describendis
1197 1817 1408 1861 potissimum
1437 1817 1558 1850 obser-

120 1870 229 1906 vanda
258 1873 390 1915 essent,
418 1879 525 1914 quum
553 1873 714 1915 quartum
744 1870 850 1905 voluit
878 1881 949 1905 esse
980 1875 1018 1910 τό
1042 1873 1195 1920 ὁμαλόν·
1226 1874 1294 1910 κᾶν
1322 1872 1392 1921 γὰρ
1415 1874 1558 1919 ἀνώμα-

119 1931 178 1969 λός
195 1941 248 1972 ,τις
266 1927 289 1977 ᾖ
311 1928 330 1963 o‘
354 1926 419 1973 τὴν
436 1920 584 1974 μίμησυ)
605 1930 766 1978 παρέχων
788 1930 847 1964 καὶ
871 1930 1028 1964 τοιοῦτον
1050 1928 1136 1973 ἦθος
1145 1930 1336 1971 ὑποτιθεὶς,
1362 1930 1456 1976 ὅμως
1470 1929 1559 1975 ὅμα-

122 1984 189 2022 λῶς
215 1983 404 2029 ἀνώμαλον
435 1983 488 2017 δεῖ
515 1983 623 2024 εἶναι,
656 1980 870 2026 exemplum,
899 1980 990 2025 quod
1014 1982 1046 2015 in
1070 1980 1130 2015 hoc
1150 1985 1356 2025 praeceptum
1381 1986 1558 2025 peccatum

122 2037 227 2078 esset,
258 2033 462 2078 Iphigeniam
492 2034 604 2077 posuit
633 2033 869 2069 Aulidensem:
901 2038 1000 2074 οὐδὲν
1021 2035 1092 2085 γὰρ
1122 2039 1235 2072 ἔοικεν
1261 2035 1280 2080 ἧ
1302 2028 1496 2073 intentionum
1522 2038 1561 2085 τῇ

120 2091 253 2139 ὑστέρᾳ.
309 2086 409 2129 Quod
442 2088 567 2122 summi
598 2087 779 2133 philosophi
805 2089 968 2134 judicium
997 2088 1197 2131 Schfflerus,
1232 2087 1467 2132 Hermannus,
1503 2088 1559 2124 alii

124 2143 244 2178 merito
279 2141 527 2185 improbarunt.
581 2141 618 2176 In
657 2142 800 2176 Menelai
830 2153 1005 2187 personam
1034 2143 1146 2186 potius
1174 2141 1228 2176 illa
1259 2143 1460 2186 vituperatio
1496 2153 1558 2177 ca-

123 2196 203 2231 dere
238 2194 383 2239 videtur,
417 2195 495 2241 qui,
536 2205 644 2240 quum
679 2195 890 2230 acerbissima
927 2195 1159 2240 objurgatione
1195 2195 1487 2240 Agamemnonem
1516 2197 1559 2231 ad

121 2248 322 2285 sacrificium
358 2247 577 2294 compulerit,
609 2249 725 2284 audite
760 2248 941 2297 Iphigeniae
967 2250 1138 2294 adventu,
1172 2248 1257 2284 adeo
1285 2249 1396 2285 fratris
1426 2251 1558 2286 lamen-

123 2303 308 2340 tationibus
335 2307 610 2346 commoveatur,v
637 2308 676 2338 ut
702 2315 798 2338 suam
827 2315 962 2349 operam
989 2303 1109 2339 offerat
1137 2303 1180 2338 ad
1207 2304 1409 2339 sacrificium
1445 2305 1558 2350 prohi-

123 2357 286 2394 bendum.
355 2356 470 2391 Placet
499 2357 603 2402 igitur
630 2356 758 2392 Editori
792 2357 889 2393 Cant.
918 2357 1007 2401 (vide
1036 2368 1073 2404 pa
1099 2361 1207 2404 109),
1237 2358 1449 2403 Menelaum,
1489 2369 1555 2404 qua

123 2412 338 2460 improbitate
378 2422 512 2457 semper
551 2413 595 2447 sit
635 2412 728 2458 apud
768 2412 981 2459 Euripidem,
1022 2414 1199 2449 caritatem
1234 2414 1411 2459 simulare,
1449 2424 1555 2459 quum

123 2468 323 2503 sacrificium
348 2467 416 2511 jam
445 2476 513 2500 non
543 2467 650 2501 averti
680 2477 775 2511 posse
804 2468 1016 2513 intelligeret.
1063 2467 1112 2503 Ac
1139 2469 1287 2513 profecto
1314 2469 1341 2502 si
1370 2469 1445 2513 quis
1471 2477 1559 2502 con-

123 2521 335 2565 sideraverit,
371 2519 489 2567 quales
524 2531 637 2555 mores
671 2521 846 2557 Menelaus
873 2526 907 2558 et
936 2524 969 2558 in
999 2522 1062 2558 hac
1090 2522 1200 2558 fabula
1230 2524 1347 2568 (quum
1376 2522 1451 2556 alibi
1481 2526 1556 2557 tum

126 2588 158 2611 v.
189 2571 279 2621 519)
316 2575 433 2621 prodat
460 2578 495 2610 et
523 2575 557 2609 in
587 2574 713 2610 Helena
743 2577 833 2618 (vide
870 2589 901 2613 v.
932 2578 1046 2618 1043)
1075 2582 1109 2612 et
1133 2578 1166 2612 in
1196 2576 1428 2611 Andromacha
1458 2581 1494 2610 et
1525 2580 1558 2612 in

125 2629 247 2666 Oreste
283 2631 343 2673 (cfr
370 2628 472 2665 Arist.
502 2628 594 2664 Poet.
623 2640 651 2664 c.
679 2629 756 2673 XV,
787 2635 843 2679 2),
884 2643 952 2668 non
993 2631 1138 2668 absurda
1181 2630 1345 2666 videbitur
1381 2630 1435 2667 illa
1472 2641 1560 2668 con-

124 2685 275 2731 jectura,
304 2685 436 2721 etiamsi
466 2694 533 2719 non
564 2685 764 2720 necessaria.
