1730 3063
828 131 885 180 tt

130 241 262 287 lorum·
296 243 589 287 necessitatem.
610 236 836 302 afferant¹·).
889 239 1024 288 'ratem
1062 247 1180 304 igitur
1203 242 1316 287 nobis
1341 250 1471 300 regem
1496 242 1574 287 de·-

129 310 358 361 scrib'endo,
405 311 441 351 in
476 309 780 366 cogitationibus
814 310 1013 367 defixum,
1060 311 1303 355 dubitatione
1336 317 1571 353 aestuantem

129 384 339 419 “secum
378 376 503 432 magis
545 387 665 433 quam
711 386 801 419 cum
838 391 933 420 sene
966 374 1272 437 colloquentem,
1319 376 1465 432 optime
1499 374 1575 418 sibi

131 452 244 500 poeta
289 440 340 484 ad
385 440 486 483 banc
528 442 765 496 orationem,
816 454 905 502 qua·
944 442 1049 487 illam
1094 441 1225 486 rerum
1268 442 1574 500 expositionem,

128 518 218 567 quae
261 507 361 550 alias
404 509 443 549 in
490 507 657 564 prologis
702 507 786 552 fieri
829 509 1003 560 solebat,
1056 519 1142 553 erat
1183 511 1424 562 inserturus,
1465 508 1572 550 viam

130 575 405 633 praemunivit,
451 583 494 616 ut
539 582 586 615 ne
631 574 854 619 mirandum
898 586 1028 628 esset,
1073 580 1106 619 si
1141 576 1199 619 ed
1246 577 1351 618 senis
1398 576 1573 617 interru—

128 641 325 698 gationem
361 649 402 681 et
437 654 505 693 ea,
540 653 632 698 quae
671 643 702 682 is
739 643 933 699 ignoraret
971 652 1011 685 et
1046 645 1150 686 scire
1184 650 1364 700 cuperet,
1402 643 1474 683 non
1500 654 1574 683 sa-

128 709 180 750 tis
214 715 308 765 apte
342 705 682 750 accommodatum
719 710 822 765 regis
859 721 1091 768 responsum
1129 708 1341 752 videretur.

230 773 310 816 Sed
348 781 501 816 tautum
537 772 672 829 abest,
706 782 749 817 ut
787 777 824 817 in
861 775 1131 833 superioribus
1158 773 1338 818 versibus
1361 772 1576 831 quidquam

128 851 220 883 cum
267 841 570 896 Agamemnonis
613 842 788 883 oratione
831 851 999 898 pugnet,
1051 850 1097 884 ut
1140 843 1259 882 etiam
1301 839 1350 882 ad
1387 839 1487 881 hano
1525 838 1576 881 illi

127 914 311 966 spectare
358 915 398 948 et
452 905 905 964 liujus.quodammodo
953 922 1071 952 causa
1117 908 1310 968 praemissi
1358 905 1574 949 videantur.

128 976 229 1018 Nam
265 983 306 1016 et
342 972 404 1015 illa
443 972 748 1029 perturbationis
783 984 824 1016 et
860 977 1071 1018 anxietatis
1109 976 1294 1031 vestigia,
1331 986 1421 1032 quae
1454 975 1491 1014 in
1516 974 1594 1016 Α-.

128 1040 399 1097 gamemnonis
433 1038 552 1081 dictis
588 1045 749 1098 totoque
785 1040 923 1084 habitu
959 1051 1171 1099 apparent,
1211 1040 1382 1083 futuram
1419 1038 1575 1097 signifi-

126 1114 219 1150 cant
253 1106 556 1164 explicationem
592 1105 641 1148 ad
678 1121 846 1165 eamque
884 1107 1152 1165 accipiendam
1187 1109 1338 1148 animos
1369 1114 1575 1164 spectato-

127 1187 215 1216 rum
254 1179 500 1230 praeparant3
545 1182 584 1213 et
622 1175 798 1230 proxima
835 1175 940 1216 senis
976 1175 1120 1228 oratio,
1156 1175 1193 1214 in
1228 1186 1304 1230 qua
1344 1171 1427 1226 ille,
1459 1181 1576 1230 post—

128 1252 247 1298 quam
293 1240 398 1294 regis
441 1237 612 1295 querelis
657 1239 840 1282 humanae
875 1239 1104 1283 conditionis
1139 1239 1412 1282 necessitatem
1447 1252 1577 1296 oppo-

126 1308 228 1361 suit,
263 1304 420 1365 qualem
459 1307 492 1346 is
530 1318 599 1361 per
635 1314 757 1346 totam
794 1315 955 1349 noctem·
984 1319 1029 1348 se
1064 1306 1313 1362 praestiterit,
1350 1303 1577 1347 recordatus

128 1371 493 1415 vehementissimis
529 1372 903 1428 interrogationibus
939 1372 1141 1415 dominum
1165 1379 1280 1430 urget
1307 1380 1346 1413 ct
1372 1369 1576 1429 probatam

124 1453 241 1482 suam
289 1437 411 1479 fidem
445 1437 717 1491 commendat,
761 1450 887 1480 nonne
925 1440 1012 1481 haec
1046 1440 1158 1490 facit,
1195 1448 1239 1480 ut
1274 1439 1578 1493 Agamemnonis

125 1504 250 1560 illam,
284 1516 377 1564 quae
411 1506 615 1562 sequitur,
658 1506 872 1548 orationem
910 1504 1223 1563 exspectemus?

222 1572 309 1613 Jam
346 1579 387 1612 et
421 1584 473 1612 ex
510 1570 591 1625 his,
625 1584 717 1629 quae
749 1571 882 1624 adhuc
904 1571 1104 1629 disputata
1127 1579 1240 1624 sunt,
1277 1579 1317 1612 et
1340 1584 1411 1613 sua
1435 1580 1574 1628 sponte

122 1645 289 1697 apparet
332 1651 451 1695 quam
499 1639 578 1680 vim
627 1636 798 1681 habeant
848 1648 1081 1695 argumenta
1122 1636 1317 1696 quaedam
1365 1638 1415 1682 ab
1459 1639 1570 1681 Har-

122 1713 245 1761 tungo
281 1714 407 1760 nuper
441 1701 695 1762 proposita*).
775 1707 814 1748 ls
850 1706 952 1748 enim
989 1705 1110 1759 hanc,
1154 1717 1245 1762 quoe
1279 1706 1429 1759 agitur,
1474 1719 1572 1748 ora—

122 1774 270 1813 tionem
305 1771 611 1824 Agamemnonis
646 1785 825 1828 personoe
863 1782 1081 1829 repugnat-e
1105 1769 1276 1827 judicat,
1310 1770 1413 1828 quod
1439 1779 1479 1812 et
1503 1781 1572 1814 ta-

123 1836 170 1880 lis
207 1835 425 1895 loquacitas
461 1849 555 1893 rege
591 1835 746 1894 indigna
784 1840 842 1893 sit,
871 1851 1003 1880 coram
1041 1851 1159 1879 servo
1194 1839 1366 1891 curioso,
1401 1845 1442 1880 et
1467 1837 1572 1896 quod

121 1896 282 1961 tempus
316 1903 352 1943 ei
394 1901 499 1944 desit
533 1911 573 1944 et
609 1904 693 1959 ipse
727 1918 894 1961 propere
928 1903 1043 1946 editis
1080 1902 1274 1944 mandatis
1311 1915 1472 1945 servum
1520 1904 1570 1946 ad

122 1968 296 2012 celerem
333 1969 616 2025 profectionem
653 1971 819 2022 excitet,
857 1979 897 2012 et.
930 1969 1034 2028 quod
1061 1971 1303 2025 Agamemno
1326 1980 1443 2012 servo
1467 1969 1576 2027 Cly-⁴

122 2036 526 2091 taemnestroemagis
561 2044 681 2094 quam
715 2038 776 2078 sui
815 2036 994 2079 studioso
1043 2034 1141 2077 adeo
1177 2049 1251 2076 non
1285 2037 1570 2079 accuratiorem

122 2102 356 2145 conditionis
392 2101 619 2160 consiliique
655 2104 716 2145 sui
752 2105 943 2146 rationem
970 2103 1129 2156 reddat,
1165 2111 1226 2155 ut,
1247 2110 1453 2160 postquam
1477 2114 1571 2147 ma·—

121 2168 367 2212 chinationes
402 2182 496 2211 suas
534 2182 655 2226 prope
690 2168 741 2213 ab
778 2169 840 2213 illo
877 2178 1107 2228 perspectas
1143 2167 1304 2223 viderit,
1339 2177 1422 2211 tum
1448 2168 1569 2212 deni·-

120 2250 223 2294 que,
265 2249 356 2293 quae
394 2236 565 2277 maxime
600 2237 677 2278 sint
723 2239 945 2280 necessaria
984 2236 1144 2294 aperiat.
1216 2234 1361 2277 Horum
1398 2236 1567 2293 primum

119 2316 245 2360 quum
284 2300 369 2344 aliis
405 2300 539 2343 multis
575 2311 657 2344 tum
693 2317 739 2345 eo
776 2303 994 2358 refutatur,
1028 2300 1153 2360 quod,
1191 2309 1235 2343 ut
1267 2300 1460 2356 diximus,
1500 2317 1570 2344 rex

132 2437 136 2439 ·
208 2425 235 2468 Ι)
272 2426 485 2463 Vocabulum
521 2428 605 2466 illud
641 2435 832 2482 φιλότιμον
862 2442 893 2466 v·
923 2436 993 2477 22,
1037 2429 1080 2466 ab
1109 2428 1303 2466 Hermanno
1331 2434 1366 2466 et
1394 2428 1569 2478 Hartungo

122 2480 288 2528 ejectum,
326 2493 395 2518 non
432 2487 485 2518 est
513 2484 649 2521 honoris
686 2487 853 2533 cupiditas
890 2487 942 2533 (ut
978 2485 1127 2522 reddunt
1163 2484 1224 2521 Ed.
1253 2486 1349 2522 Cant.
1379 2490 1414 2521 et
1441 2485 1569 2530 Firnh.)

119 2536 180 2571 sed
211 2537 304 2582 quod
331 2536 377 2573 ab
404 2548 443 2573 ea
474 2541 646 2584 expetitur
673 2546 708 2577 et
735 2541 902 2588 efficitur5
929 2552 996 2589 qua
1025 2539 1059 2576 vi
1088 2539 1177 2575 idem
1207 2540 1347 2577 verbum
1370 2546 1569 2588 usurpatum

121 2588 278 2626 videmus
304 2602 337 2628 v,
368 2592 446 2628 342
476 2593 525 2639 (et
554 2592 679 2642 385?).
1616 2594 1622 2598 ”

214 2655 239 2699 Ι)
266 2657 329 2693 Ed.
357 2658 475 2695 Germ.
504 2669 537 2705 p.
556 2663 643 2696 176.
