1730 3063
844 143 904 184 20

154 266 233 296 nee
267 251 316 294 de
350 249 490 293 litteris
524 248 572 291 ad
609 246 954 305 Clytaemnestram
988 248 1121 310 missis
1151 261 1323 306 quaeque
1356 249 1392 291 in
1418 248 1467 290 iis⁴
1487 261 1599 305 prae-

157 326 269 362 texta
313 324 446 370 erant,
494 314 564 357 sed
607 313 657 357 de
698 329 793 357 vero
835 312 1013 368 oonsilio,
1064 315 1178 371 cujus
1213 328 1333 357 causa
1369 314 1455 355 haec
1488 322 1600 356 erant

159 388 363 429 instructa.
432 383 571 440 Neque
614 395 708 424 vero
747 380 855 439 quod
901 382 933 424 is
976 381 1013 422 in
1050 379 1170 423 talem
1203 395 1376 424 errorem
1414 380 1599 423 inductus

159 461 222 495 est
257 451 379 507 magis
415 451 560 492 mirum
594 447 774 501 videtur,
810 462 928 506 quam
963 447 997 490 si
1032 454 1139 489 recte
1162 448 1468 505 Agamemnonis
1500 461 1600 489 sen-

161 519 323 561 tentiam
358 518 619 575 percepisset;
661 515 760 557 adeo
796 523 858 557 est
903 513 951 557 ad
990 527 1163 556 errorem
1199 514 1387 572 proclivis
1424 528 1469 557 ea
1505 527 1599 556 am-

157 585 346 641 biguitas;
393 597 464 624 nec
500 583 620 623 menti
657 580 809 624 obtuSae
844 589 1050 624 senectute
1093 589 1131 622 et
1169 589 1319 623 terrore
1353 580 1599 624 conturbatae

158 651 195 693 id
233 660 319 693 erat
355 648 627 698 tribuendum,
662 646 788 705 quod,
823 649 911 705 quia
950 646 1000 689 ab
1034 649 1118 703 ipso
1154 655 1265 703 poeta
1303 652 1512 708 nonsatis
1538 654 1601 689 est

159 724 428 774 praecautum,
461 721 729 772 spectatorum
754 716 897 772 cuique
923 727 998 756 usu
1025 714 1159 755 venire
1183 720 1329 770 posset.
1387 715 1525 771 ltaque
1548 727 1599 755 ex

156 784 261 826 senis
285 783 460 838 opinione
485 779 698 838 Iphigenia,
723 790 785 823 est
809 780 870 823 illa
888 778 1046 838 quidem
1067 778 1206 822 Achilli
1235 778 1356 822 verbo
1374 787 1413 822 et
1432 779 1601 822 simula—

153 851 260 892 tione
284 847 533 906 desponsata,
568 860 613 888 ac
643 846 897 904 nihilominus
923 839 985 888 'hic
1012 847 1164 888 sincere
1186 853 1308 904 atque
1335 848 1501 902 ingenue
1525 860 1601 889 se—

157 930 251 958 cum
287 922 420 956 actum
457 921 586 970 ant:
620 927 742 969 quare
767 912 867 955 bene
903 927 946 955 se
971 911 1088 954 habet
1114 912 1240 969 quod,
1275 912 1421 954 auditis
1445 927 1535 969 quae
1561 914 1598 953 in

159 982 303 1023 litteris
327 980 377 1021 ab
402 982 485 1036 ipso
511 977 752 1035 perferendis
776 977 825 1019 de
851 979 1076 1036 nuptiarum
1101 976 1286 1020 dilatione
1305 979 1454 1035 scripta
1473 985 1600 1031 erant,

158 1035 280 1089 senex
316 1047 460 1103 quaerit
494 1045 578 1096 illa,
625 1058 714 1101 quae
750 1054 842 1086 sunt
877 1047 914 1086 in
953 1060 987 1085 v,
1021 1042 1109 1086 ’124-
1147 1058 1225 1100 sq.;
1269 1059 1341 1085 non
1378 1052 1458 1086 tam
1494 1043 1600 1102 quod

157 1111 207 1155 ob
250 1113 375 1170 ipsius
420 1112 585 1167 virginis
630 1111 794 1168 ejusque
838 1110 1005 1167 conjugii
1049 1117 1122 1152 aut
1163 1118 1339 1168 ereptam
1383 1124 1495 1168 spem
1529 1118 1599 1152 aut

155 1178 318 1221 dilatam
356 1170 544 1220 Achillem
582 1191 817 1218 exarsurum
853 1185 988 1234 putet,
1025 1191 1143 1233 quam
1180 1176 1284 1233 quod
1321 1178 1356 1218 ei
1384 1176 1599 1219 mirabilem

159 1244 360 1288 levitatem
415 1245 848 1301 contemptionemque‚
899 1257 976 1301 qua
1025 1244 1267 1299 Agamemno
1311 1242 1427 1286 fidem
1479 1258 1600 1286 sum—-

158 1326 221 1353 mo
256 1311 362 1352 heroi
399 1309 533 1350 datam
571 1309 699 1359 sallat,
754 1310 1096 1351 vehementissima
1135 1309 1251 1364 hujus
1286 1311 1341 1352 ira
1378 1302 1600 1352 necessario

156 1385 342 1419 secutura
392 1371 604 1431 videtur¹).
652 1399 712 1406 —
762 1377 848 1418 Jam
891 1389 984 1432 quae
1020 1376 1193 1432 proxime
1229 1377 1264 1418 in
1301 1375 1492 1434 colloquio
1526 1390 1599 1418 se-

244 1501 273 1548 ¹)
311 1503 361 1539 Ne
396 1504 528 1550 ignoret
561 1502 793 1549 Agamemno,
834 1514 935 1551 quam
972 1503 1072 1549 longe
1109 1515 1126 1539 a
1156 1515 1234 1540 vera
1270 1504 1475 1540 aberraverit
1508 1504 1601 1539 senis

155 1558 347 1604 sententia,
389 1558 489 1593 etiarn
529 1558 561 1592 in
593 1569 624 1593 v,
657 1559 733 1593 124
771 1557 935 1594 Hutterus
962 1559 1117 1594 codicum
1147 1560 1345 1604 scripturam
1375 1558 1598 1593 revocandam

155 1622 229 1647 esse
256 1615 386 1647 censet.
441 1612 527 1647 Nam
557 1611 647 1658 quod
679 1612 723 1646 illi
753 1611 880 1647 babent
915 1616 1019 1665 λέκτρ’
1045 1616 1239 1662 ἂμπλακών
1273 1612 1503 1654 (scribendum
1524 1605 1602 1648 'sci-

154 1667 234 1703 licet
262 1669 447 1711 ἀπλακών)
464 1677 534 1712 veo,
570 1667 731 1715 quoniam
767 1668 812 1704 sit
838 1666 982 1714 ”sponsa
1012 1665 1230 1714 frustratus”,
1271 1667 1355 1704 ''der
1384 1669 1417 1704 in
1443 1668 1599 1704 Hinsioht

155 1723 216 1756 der
243 1722 349 1756 Braut
384 1721 617 1767 getauschte”‚
653 1722 831 1765 declarari,
869 1733 986 1756 senem
1016 1733 1086 1756 non
1117 1733 1211 1759 veras
1239 1733 1312 1757 esse
1339 1723 1398 1758 sed
1426 1723 1600 1758 simulatas

154 1776 294 1823 nuptias
323 1780 464 1822 putar03
491 1776 582 1822 quod
612 1780 728 1811 eontra
757 1780 908 1830 λέκτρων
939 1779 1122 1824 ἀπλακών,
1159 1788 1237 1824 quae
1266 1782 1317 1813 est
1336 1776 1599 1824 Scaligerioon-

152 1832 286 1877 jectura
323 1831 367 1865 ab
402 1831 561 1866 omnibus
589 1830 775 1866 editoribus
803 1831 940 1875 probata
978 1836 1013 1864 et
1042 1837 1194 1877 recepta,
1236 1831 1379 1877 ”sponsa
1409 1833 1600 1877 privatum”

155 1895 278 1919 sonare
314 1894 378 1918 nec
413 1888 585 1930 quatenus
614 1896 731 1918 verum
761 1883 815 1919 ille
844 1885 1054 1931 perspexerit
1082 1884 1292 1931 significare3
1333 1889 1438 1934 atque
1464 1886 1507 1922 ad
1536 1898 1599 1923 su-

157 1940 324 1985 perior-ern
360 1940 566 1974 sententiam
603 1939 868 1984 Agamemnonis
903 1950 1102 1984 responsum
1138 1941 1310 1985 aptissime
1338 1952 1411 1975 esse
1438 1945 1599 1977 amomo-

157 1994 296 2034 datum,
325 1993 357 2026 in
387 2003 455 2037 quo
483 1998 604 2037 neget,
634 1993 799 2027 Achillem
826 1993 997 2027 conscium
1027 2003 1101 2027 esse
1129 1995 1286 2039 praetexti
1314 1995 1489 2030 connubii.
1531 1995 1599 2032 Sed

158 2047 231 2083 haec
258 2057 378 2082 vereor
406 2059 450 2082 ne
477 2047 648 2082 subtiliora
677 2050 745 2082 sint
774 2058 876 2093 quam
907 2048 1045 2082 veriora.
1083 2049 1233 2083 Primum
1249 2050 1358 2094 enim,
1388 2053 1427 2083 ut
1456 2055 1597 2101 λέκτρον

158 2099 364 2147 ’'sponsam''
399 2101 591 2145 significare
625 2101 829 2145 concedam,
863 2102 953 2146 quod
991 2103 1124 2146 tragicis
1158 2104 1353 2148 conjugium
1391 2103 1443 2137 vel
1471 2104 1599 2148 conjux

160 2166 233 2190 esse
261 2155 365 2198 solet,
401 2159 568 2194 ἀπλακεῖν
604 2165 682 2190 cum
712 2155 862 2190 secundo
891 2166 969 2190 casu
1000 2157 1219 2201 conjunctum
1250 2168 1318 2192 non
1343 2162 1393 2192 est
1415 2155 1597 2203 ”privari’'‚·

159 2210 225 2245 nisi
257 2208 320 2244 .ubi
356 2209 398 2243 de
428 2209 485 2254 iis,
522 2219 600 2256 quae
628 2210 705 2255 quis
733 2209 908 2254 possidens
937 2209 1086 2253 amittat,
1131 2210 1263 2246 dicatur
1292 2215 1342 2253 (ut
1371 2213 1403 2246 in
1433 2216 1597 2259 quattuor

160 2263 339 2299 Alcestidis
366 2262 448 2297 locis
476 2275 506 2297 v.
537 2264 625 2308 241,
655 2264 745 2305 427,
776 2264 872 2308 824,
904 2266 1028 2308 10833
1055 2266 1114 2299 cfr.
1144 2268 1361 2315 ἁμαρτάνειν
1376 2268 1525 2313 ejusdem
1542 2268 1596 2302 ta-

160 2319 252 2354 bulae
288 2329 319 2353 ν.
351 2319 447 2359 342,
483 2322 582 2362 616,
617 2320 729 2362 879);
764 2324 798 2353 et
828 2318 890 2352 hoc
918 2317 990 2352 loco
1019 2324 1169 2371 λέκτρων
1191 2323 1356 2358 ἐπιλαχών
1385 2332 1452 2357 non
1482 2323 1595 2357 minus

161 2373 250 2409 bene
284 2383 356 2407 esse
391 2377 501 2417 potest
541 2370 684 2418 ”sponsa
729 2371 931 2412 frustratus''
981 2383 1083 2419 quam
1127 2374 1271 2409 alterum
1308 2374 1402 2412 illud.
1464 2365 1595 2412 Deinde

159 2432 344 2472 ἀπλακεῖν,
373 2427 429 2461 ubi
458 2437 535 2461 cum
564 2433 686 2472 quarto
714 2438 794 2462 casu
823 2428 1050 2473 construitur,
1081 2438 1218 2472 prorsus
1245 2429 1344 2465 aliam
1372 2431 1595 2476 significatio-

161 2491 238 2516 nem
276 2481 399 2517 habere
434 2480 540 2526 solet3
581 2492 694 2528 neque
728 2481 796 2516 ullo
826 2481 979 2528 exemplo
1008 2481 1141 2517 Hutteri
1171 2484 1402 2529 interpretatio
1431 2491 1481 2521 est
1508 2495 1595 2521 con-

159 2536 303 2571 firmata.
369 2535 523 2581 Denique
560 2535 825 2580 Agamemnonis
868 2547 1065 2581 responsum
1108 2537 1150 2571 ad
1186 2542 1372 2584 utrumque
1409 2550 1507 2586 aeque
1542 2544 1594 2575 est

156 2593 296 2635 aptum3
324 2600 403 2625 nam
418 2588 564 2625 Achilles
576 2594 728 2641 λέκτρων
749 2593 914 2629 ἆπλακών
928 2591 1093 2626 continuo
1116 2592 1217 2628 etiam
1239 2604 1274 2628 se
1297 2597 1402 2646 λαιᾷ
1417 2597 1592 2642 dumam

148 2650 181 2679 si·
204 2645 303 2680 modo
326 2645 386 2680 hoc
399 2656 503 2680 sensu
514 2651 607 2700 recte
622 2645 774 2690 dicatur,
806 2646 930 2680 sentiat
945 2657 1082 2681 necesse
1098 2651 1158 2681 est.
1200 2646 1340 2683 Accedit
1354 2649 1464 2695 quod,
1485 2651 1592 2697 quum
