1730 3063
847 130 905 173 49

145 251 268 299 quem
303 238 634 284 inconsideratam
671 238 848 282 Heeubae
873 238 1127 284 imitationem
1140 236 1209 298 ¹).·
1252 239 1335 283 Boo
1371 248 1414 282 ut
1434 237 1591 281 melius

141 306 311 363 judicari
333 307 491 364 ⁴possit,
526 304 810 364 paullo-altius
832 313 908 348 -est
941 319 999 348 ex·
1027 300 1128 364 ipsa
1147 306 1280 356 fabula
1316 302 1588 363 repetendum,

143 386 225 432 quo
250 373 401 431 ingenio
423 369 650 430 quibusque
674 370 850 416 moribus
871 384 962 415 ess·
978 371 1173 417 *Achillem
1191 372 1355 417 fluxerit
1375 368 1590 429 Euripides.

240 440 304 482 Ita
339 439 457 495 igitur
493 438 666 482 Achilles
701 440 738 481 in
778 452 937 481 scenam
979 440 1103 497 primo
1141 436 1369 497 prodiens⁸)
1404 438 1592 485 inductus

145 520 168 549 a
214 513 329 562 poeta
370 514 453 557 est,
498 513 566 560 ut,
604 520 728 563 quum
764 519 808 547 se
842 504 937 547 dicit
970 519 1063 548 cum
1098 508 1392 561 Agamemnone
1424 502 1591 561 eolloqai

142 569 266 623 velle,
317 573 493 614 omnium
544 570 711 615 Graeoiae
763 570 996 629 populorum
1040 584 1226 614 oausam1
1250 570 1591 628 conditionemque

142 646 355 695 proponat,
397 639 466 696 qui
502 637 749 695 parentibus,
785 633 1016 694 conjugibus
1026 670 1036 692 ,
1071 634 1225 692 liberis,
1258 636 1460 691 domibus,
1498 638 1591 695 opi-‘-

142 703 239 757 bus,
290 703 474 748 omnibus
523 702 713 763 denique,
765 718 856 763 quae
905 705 1003 762 ipsis
1054 714 1190 748 essent
1238 705 1468 758 carissima,
1519 717 1591 745 re·-

141 769 246 813 lietis
300 770 390 813 belli
440 769 574 813 studio
622 771 818 813 divinitus
865 772 1010 813 incensi
1060 772 1341 813 convenissent
1392 769 1587 811 Aulidem.

140 834 257 889 Quod
293 838 347 880 ita
381 850 470 879 esse
503 849 526 880 a
565 845 678 894 poeta
717 838 942 880 institutum
969 836 1128 890 dicunt,
1162 850 1213 881 na
1236 834 1433 892 Achilles,
1459 848 1589 894 ¹quum

142 912 278 961 partes
313 912 447 962 postea
493 903 567 947 sibi
611 903 829 947 destinatas
871 912 980 947 esset
1021 913 1303 962 suscepturus,
1356 913 1505 946 temere
1548 911 1590 944 et

139 971 229 1014 sine
263 970 400 1014 idonea
434 983 555 1014 causa
588 970 730 1014 adesse
767 969 986 1026 videretur;
1037 972 1171 1030 itaque
1204 983 1296 1014 eum
1330 972 1468 1013 venire
1489 968 1589 1013 diu—-

141 1045 300 1081 turnam
335 1040 510 1096 quietem
547 1037 720 1096 bellique
738 1048 906 1080 ‘moram
931 1040 1215 1095 Agamemnoni
1242 1037 1588 1096 exprobraturum.

140 1103 218 1147 sed
255 1108 377 1146 etiam
413 1103 518 1146 aliud
554 1102 744 1162 quiddam
776 1112 890 1162 poeta
924 1105 1131 1163 spectavit.
1181 1105 1283 1147 Nam
1318 1118 1442 1162 quum
1477 1103 1590 1159 Aga-

139 1183 317 1223 memno,
352 1169 554 1213 Menelaus
590 1173 792 1229 ceterique
827 1173 1046 1228 principes,
1080 1172 1147 1229 qui
1184 1183 1275 1213 cum
1301 1169 1363 1213 his
1386 1170 1590 1226 sanguinis

137 1244 208 1279 aut
243 1235 517 1279 familiaritatis
553 1238 793 1278 necessitate
826 1245 941 1278 erant
974 1237 1192 1294 conjuncti,
1225 1238 1428 1296 proprium
1453 1248 1588 1294 quen·-

137 1301 228 1346 dam
280 1303 356 1346 sibi
392 1301 510 1345 finem
555 1304 797 1360 propositum
842 1301 1054 1356 haberent,
1099 1303 1296 1358 Achilles,
1337 1305 1405 1361 qui
1442 1302 1587 1345 nullam

137 1382 221 1412 ram
257 1383 371 1412 suam
406 1377 544 1426 ageret
577 1378 618 1412 et
653 1368 776 1412 solam
814 1372 953 1427 patriae
987 1370 1152 1429 gloriam
1185 1369 1487 1429 libertatemque
1508 1368 1589 1412 de«-

138 1436 340 1488 tenderet,
385 1449 523 1479 veram
570 1435 690 1492 hujus
736 1436 823 1480 belli
869 1439 948 1489 vim
990 1448 1113 1496 atque
1156 1447 1361 1491 naturam,
1403 1452 1495 1495 quae
1534 1436 1589 1478 ad

137 1516 295 1546 omnem
332 1503 529 1547 Graeciam
567 1501 801 1560 pertineret,
837 1517 938 1546 unus
972 1505 1119 1562 optime
1153 1512 1301 1547 sentire
1336 1517 1384 1546 ae
1418 1503 1589 1546 demon-

136 1579 266 1614 strare
298 1578 467 1627 poterat.
528 1569 643 1612 Hunc
673 1572 790 1628 igitur
816 1578 929 1627 poeta
953 1570 1119 1626 dignum
1143 1570 1281 1614 habuit
1303 1573 1366 1613 oui
1392 1571 1466 1613 hoo
1490 1579 1590 1613 tan-

139 1645 226 1679 tum
258 1649 409 1680 munus
443 1632 638 1688 deferret,
683 1645 729 1679 ut
765 1638 886 1680 totius
920 1637 1087 1680 nationis
1121 1638 1233 1695 quasi
1268 1638 1465 1695 interpres
1495 1649 1588 1695 quae

135 1703 222 1761 ejus
262 1711 372 1746 esset
414 1716 535 1745 causa
582 1711 626 1744 et
670 1702 853 1746 voluntas
895 1703 1057 1746 doceret
1101 1705 1235 1761 itaque
1266 1704 1332 1759 jus
1366 1703 1590 1746 necessita—-

135 1777 299 1829 temque
332 1768 533 1822 sacrificii,
569 1768 674 1828 quod
709 1778 817 1812 esset
850 1768 1050 1823 futurum,
1086 1769 1323 1813 ostenderet.
1393 1771 1483 1814 Mox
1507 1783 1589 1813 au-

136 1845 218 1879 tem
262 1834 436 1879 Achilles
478 1837 621 1878 certior
665 1836 816 1889 faetus,
862 1850 942 1895 quo
985 1835 1146 1879 consilio
1179 1849 1338 1895 quaque
1372 1837 1586 1879 maehina-

137 1904 243 1946 tione
278 1903 521 1960 Agamemno
556 1901 673 1944 filiam
710 1904 1004 1956 arcessivisset,
1040 1917 1163 1961 quum
1199 1904 1500 1961 Clytaemnestra
1532 1901 1586 1945 fi-

135 1968 226 2013 dem
270 1970 356 2026 eJ'us
401 1983 472 2027 pro
513 1967 591 2011 filia
639 1968 884 2027 imploraret,
930 1971 1013 2028 ipse
1058 1971 1124 2022 iis,
1168 1984 1258 2028 quae
1302 1979 1343 2012 et
1382 1972 1585 2013 exercitus

134 2035 354 2095 postularet
391 2044 431 2078 et
466 2035 515 2077 ad
552 2050 643 2094 quae
680 2037 763 2093 ipse
799 2037 945 2079 inscius
981 2037 1314 2093 Agamemnonem
1341 2035 1584 2094 impulsurus

134 2102 295 2156 fuisset,
333 2104 504 2145 maxime
539 2100 701 2144 obstitit.
758 2101 842 2145 Nec
879 2111 1010 2145 tamen
1046 2108 1115 2145 aut.
1150 2102 1361 2161 Iphigeniae
1398 2101 1584 2145 immola-—

133 2165 281 2213 tionem
333 2169 520 2212 nefariam
569 2178 640 2212 aut
683 2177 916 2227 susceptum
960 2168 1107 2214 bellum
1143 2168 1213 2215 tali
1245 2167 1439 2222 sacrificio
1473 2167 1583 2221 indi-

134 2250 258 2293 gnum
293 2234 484 2279 ducebat:
518 2250 609 2279 nam
633 2242 770 2295 postea
795 2244 835 2278 et
860 2236 1072 2294 Iphigenia-2.
1096 2243 1261 2279 mortem
1285 2234 1456 2280 obeundi
1479 2249 1583 2280 oon-

133 2302 265 2346 silium
303 2298 577 2360 comprobat⁸)
612 2312 673 2354 et,
719 2301 833 2345 modo
875 2302 949 2346 alia
994 2305 1145 2345 ratione
1188 2318 1255 2345 res
1298 2312 1408 2361 gesta
1453 2311 1582 2355 esset,

136 2370 267 2427 ipsum
312 2382 356 2410 se
406 2367 498 2411 dicit
548 2383 623 2411 non
667 2368 789 2411 fuisse
833 2377 1132 2424 recusaturum,
1182 2370 1216 2413 si
1259 2368 1347 2413 inde
1392 2368 1583 2432 penderet

142 2517 252 2564 ,1)
279 2518 366 2555 Vide
395 2518 515 2555 Mattb.
543 2530 576 2566 p.
605 2520 697 2566 409,
726 2518 827 2555 Herm
867 2518 961 2566 praef.
989 2530 1022 2567 p.
1049 2518 1209 2567 xxvm,
1237 2520 1298 2557 Ed.
1314 2519 1414 2557 Cant.
1443 2529 1475 2565 p.
1484 2521 1583 2566 229,

136 2574 232 2612 liart.
259 2574 321 2610 Ed.
350 2572 470 2610 Germ.
499 2585 533 2621 p.
563 2575 652 2611 274.

221 2636 256 2684 ’)
286 2649 316 2673 v.
344 2640 418 2675 801
451 2649 503 2686 sq.
748 2637 782 2680 ⁸)
811 2639 1216 2684 v.¹4oo‚1422-—4
