1730 3063
830 162 918 219 47-

121 295 216 324 rem
250 288 426 339 gereret,
472 277 574 319 hanc
609 278 823 319 orationem
859 277 1055 334 suscepit,
1100 291 1205 319 nunc
1239 291 1284 320 ea
1319 278 1424 336 ipsa,
1470 290 1578 336 quo-

134 363 221 392 rum
256 361 376 390 causa
411 352 542 386 cetera
579 345 706 386 omnia
732 352 865 385 essent
888 352 1092 396 enarrata,
1116 342 1282 397 celaret,
1318 357 1443 403 quum
1467 357 1579 401 prae-

133 417 269 476 sertim
312 409 441 469 paullo
478 408 575 452 infra
613 425 648 451 v.
679 407 768 452 ⁴28
795 424 853 467 sq,
889 417 1025 467 aperte
1061 419 1101 452 et
1135 409 1259 453 multa
1283 411 1579 454 asseveratione

136 494 271 524 veram
307 475 490 520 connubii
526 479 716 519 rationem
752 475 984 518 confiteatur
998 472 1041 533 ¹).

249 543 463 587 Videamus
518 543 636 600 igitur
689 541 814 585 alione
867 541 982 585 modo
1031 544 1286 602 repugnantia
1341 543 1400 586 illa
1452 543 1578 602 possit

134 612 329 670 amoveri,
364 608 483 666 idque
520 610 591 663 ita,
629 617 671 651 ut
706 608 797 650 nihil
836 607 884 651 de
920 612 1093 652 oratione
1127 625 1197 652 sua
1223 611 1465 666 Agamemno
1492 611 1578 652 seni

135 693 209 738 non
245 675 359 719 dicat.
430 676 543 717 Patet
578 684 712 719 autem
748 674 783 717 id
822 671 925 719 effic'i
960 691 1034 718 non
1071 691 1207 735 posse,
1248 677 1320 719 nisi
1355 691 1445 735 quae
1480 675 1582 719 dixit

134 745 197 788 ille
240 743 291 786 ab
327 742 402 785 hoc
438 756 645 800 perperam
692 741 851 799 intelligi
887 752 1046 801 queant.
1124 744 1304 795 Quonam
1342 746 1461 800 igitur
1492 745 1581 799 jure

135 812 210 853 hoc
243 809 458 852 sumatur?
527 808 733 851 Nonnullis
777 808 841 850 vel
878 823 1041 866 persona
1081 810 1247 852 ministri
1282 823 1444 852 causam
1490 808 1582 851 ido-

138 891 253 919 neam
299 876 383 918 visa
430 884 491 918 est
538 871 780 932 praebere²):
839 890 929 917 eum
986 878 1089 918 enim
1142 876 1253 932 ajunt
1306 877 1419 933 longe
1462 884 1582 918 aetate

136 950 369 1001 provectum
405 950 445 983 et
481 949 612 983 mente
650 949 809 1003 propter
842 950 1086 984 senectutem
1123 941 1285 994 obtusa,
1321 956 1444 1000 quum
1464 950 1584 989 ,atro-

137 1023 222 1050 cem
262 1007 367 1049 illam
403 1007 668 1049 calamitatem
706 1009 822 1063 regiae
859 1007 973 1048 domo
1010 1010 1214 1050 imminere
1248 1008 1447 1061 audisset,
1484 1007 1584 1050 adeo

135 1072 413 1133 perturbatum
458 1072 729 1131 afflictumque
765 1074 905 1126 fuisse,
951 1083 995 1116 ut
1031 1089 1121 1133 quae
1156 1073 1341 1133 deinceps
1384 1074 1435 1118 ab
1470 1075 1584 1132 Aga-

138 1155 343 1183 memnone
379 1140 605 1182 dicerentur
641 1155 716 1182 non
752 1148 858 1182 recte
884 1142 1125 1198 perciperet,
1161 1143 1288 1184 omnia
1311 1140 1583 1183 confunderet.

139 1208 210 1250 His
245 1208 495 1249 consentiens
530 1203 840 1264 Firnhaberus³)
875 1208 990 1250 etiam
1028 1209 1064 1250 in
1098 1208 1399 1265 Agamemnonis
1432 1208 1586 1251 oratio-

139 1289 227 1316 nem
263 1273 492 1331 diligentius
529 1275 755 1331 inquisivit,
800 1289 918 1332 quam
945 1263 1082 1316 'talem
1120 1288 1209 1317 esse
1244 1274 1453 1317 ostendere
1487 1284 1585 1317 stu-

138 1340 242 1396 duit,
277 1349 321 1382 ut
356 1338 615 1398 ambiguitate
650 1340 820 1398 quadam
858 1339 994 1383 fallere
1032 1350 1173 1398 posset.
1236 1341 1292 1384 Ac
1328 1341 1451 1398 primo
1486 1342 1586 1399 qui-

139 1406 229 1448 dem
265 1406 359 1449 illud
397 1406 612 1462 prudenter
649 1416 800 1461 monet,
834 1422 923 1461 nos,
957 1422 1079 1464 quum
1118 1408 1234 1463 hujus
1258 1408 1443 1449 orationis
1477 1408 1586 1449 illam

141 1481 313 1529 partem,
349 1486 438 1531 quae
475 1472 656 1515 versibus
698 1471 786 1515 424
824 1487 882 1532 sq.
922 1487 1141 1531 repugnare
1177 1472 1353 1528 videtur,
1390 1472 1587 1531 legamus,

139 1554 221 1596 prae
257 1541 322 1592 iis,
358 1553 448 1596 quae
484 1538 640 1581 aliunde
675 1538 724 1581 de
762 1538 822 1581 his
858 1539 978 1581 rebus
1013 1549 1215 1597 comperta
1244 1539 1482 1592 habeamus,
1519 1540 1588 1582 fa-

140 1605 214 1647 cile
264 1606 354 1653 nihil
408 1604 580 1662 ambigui
630 1604 966 1658 animadvertere,
1018 1606 1082 1648 ubi
1135 1608 1216 1648 seni
1265 1620 1353 1649 esse
1401 1607 1587 1664 potuerit.

140 1671 248 1713 Idem
288 1682 442 1724 tamen,
480 1671 674 1730 quomodo
698 1686 819 1714 senex
843 1674 1055 1715 orationem
1083 1672 1338 1728 intellexerit,
1373 1688 1447 1715 non
1473 1686 1589 1731 aeque

142 1738 240 1780 bene
284 1739 482 1796 explicuit.
569 1739 670 1781 Nam
723 1740 756 1781 si
802 1741 1106 1796 Agamemnonis
1151 1739 1271 1781 verba
1315 1755 1352 1781 v.
1390 1740 1449 1781 97
1496 1754 1588 1781 cum

145 1805 387 1848 Firnhabero
433 1815 475 1847 ut
520 1803 569 1847 de
611 1803 803 1847 sacrificio
846 1804 947 1847 dicta
984 1807 1250 1862 accipiuntur,
1294 1804 1476 1863 equidem
1514 1820 1588 1847 non

145 1870 275 1926 video,
318 1874 385 1930 qui
419 1871 505 1913 fieri
540 1872 682 1929 possit,
731 1880 774 1914 ut
813 1871 873 1913 vel
909 1886 929 1914 a
967 1886 1060 1914 sene
1097 1873 1283 1930 quamvis
1318 1870 1447 1915 hebeti
1498 1885 1589 1929 quae

143 1946 365 1994 sequuntur
400 1937 512 1979 aliter
547 1937 836 1992 intelligantur,
872 1953 990 1995 quam
1028 1947 1071 1979 ut
1108 1952 1178 1979 rex
1215 1952 1283 1994 per
1311 1940 1480 1994 speciem
1507 1952 1591 1978 nu-

146 2003 314 2059 ptiarum
350 2002 469 2046 filiam
505 2003 730 2046 immolandi
767 2018 885 2046 causa
923 2006 1160 2046 arcessierit.
1229 2005 1287 2046 Ita
1323 2005 1446 2062 accipi
1477 2002 1593 2061 jubet

88 2085 96 2093 ··
144 2071 226 2125 ipsa
265 2070 456 2127 particula
483 2073 557 2112 καί
593 2086 628 2112 ν.
655 2070 739 2124 98,
772 2084 862 2127 quae
899 2070 960 2112 hic
995 2070 1075 2111 fere
1098 2079 1159 2111 est
1196 2071 1386 2127 ›>itaque»
1422 2079 1463 2112 et
1487 2070 1592 2112 illam

146 2133 370 2178 litterarum
396 2137 619 2179 missionem
648 2138 713 2187 iis,
739 2150 829 2193 quae
853 2137 1030 2192 proxime
1054 2135 1155 2177 dicta
1176 2143 1289 2189 sunt,
1314 2138 1594 2178 convenienter

145 2199 289 2243 factam
327 2216 416 2244 esse
452 2201 661 2255 significat.
728 2201 850 2243 Porro
886 2210 929 2243 ut
966 2217 1002 2243 v.
1032 2199 1120 2244 404
1164 2201 1213 2243 ad
1251 2216 1296 2244 ea
1334 2211 1489 2245 tantum
1526 2217 1595 2244 re—

145 2266 308 2322 spiciat,
350 2282 441 2326 quae
485 2270 729 2325 Agamemno
774 2269 811 2309 in
857 2270 1045 2325 proximis
1091 2267 1220 2310 tribus
1256 2268 1441 2312 versibus
1476 2268 1592 2321 dixit,

147 2346 190 2374 se
235 2333 399 2378 Achillis
444 2335 678 2393 dignitatem
724 2333 998 2393 amplificando
1041 2349 1213 2393 eumque
1256 2335 1330 2378 alia
1375 2336 1594 2379 conditione

148 2412 238 2441 cum
276 2400 433 2443 Acbaeis
470 2404 508 2444 in
545 2401 693 2444 bellum
727 2415 816 2444 esse
850 2401 1119 2458 profecturum
1146 2402 1323 2457 negando
1347 2402 1596 2458 Clytaemne-

150 2472 275 2507 stram
320 2466 370 2509 ad
404 2466 523 2510 filiam
560 2467 831 2510 dimittendam
870 2471 1134 2524 permovisse;
1178 2468 1215 2510 id
1253 2467 1514 2511 Firnhaberus
1549 2482 1596 2509 eo

240 2588 267 2631 ¹)
297 2591 380 2627 Vide
409 2604 488 2639 quae
516 2599 640 2641 praeter
669 2596 741 2631 haee
769 2594 989 2640 reprehendit
1019 2594 1133 2630 Firnh.
1162 2606 1193 2641 p.
1221 2595 1326 2630 XXX
1354 2597 1388 2629 et
1418 2595 1480 2629 87.

239 2650 271 2699 ²)
299 2655 414 2692 Firnh.
445 2669 477 2703 p.
506 2660 626 2695 XXX.
764 2657 793 2701 8)
821 2659 907 2696 Vide
935 2660 1084 2706 primum
1112 2660 1300 2695 Excursum
1335 2668 1369 2704 p.
1399 2661 1571 2694 256—8.

1418 2720 1459 2760 22.
